1857 3133
175 106 262 145 100

172 221 329 273 fingere
357 214 536 275 τρίθεον
565 219 634 259 vel
664 219 795 260 simile
823 219 943 273 quid,
981 220 1023 260 in
1051 214 1270 275 τρίπωλα»
1295 220 1553 273 acquiescere
1579 218 1666 261 nul*

172 292 223 333 lis
254 290 398 349 opinor
423 290 604 334 tenebris
633 289 807 341 relictis,
838 290 912 331 sed
940 290 1087 333 maluit
1112 289 1293 344 &enitivo
1322 289 1666 335 odiosarum-,ex-

173 361 352 415 planare.
413 359 538 401 Porro
567 361 616 401 ut
633 372 871 401 maneamus
898 360 942 401 in
964 359 1264 411 Andromacha,
1289 360 1416 402 habes
1434 373 1473 401 v.
1498 362 1616 402 1025*
1631 373 1666 401 e.

172 421 359 485 ὀργάναν
395 426 500 485 χέρα
537 423 819 482 τεκτοσύνας,
870 443 979 484 quae
1011 443 1155 484 parum
1193 430 1405 484 perspexit
1441 429 1668 483 Pflugkius,
1739 434 1742 435 ⁷

174 513 299 554 quum
345 499 454 542 dicta
493 500 680 555 opinetur
717 513 794 555 pro
827 492 1087 543 τεκτοσύναν
1123 491 1307 556 ὀργάνοις
1335 512 1483 555 χερος,
1534 496 1669 557 (cuius

174 571 241 610 sat
268 582 386 610 rarae
413 570 654 611 inversionis
683 583 737 612 ne
765 570 939 611 fructum
958 569 1120 622 quidem
1148 567 1371 650 percepit),
1398 569 1546 611 deinde
1568 574 1668 612 vem

175 637 319 679 afferat
340 640 387 679 ut
407 638 529 693 plane
552 637 697 681 similia
715 653 770 680 ex
788 639 895 680 Med.
927 632 1066 679 αἰῶνα
1096 632 1340 695 ἀμηχανίας
1366 641 1410 679 et
1427 638 1667 694 Aristopha?

175 720 298 749 neum
326 708 429 749 illud
455 711 619 767 τρυφῆς
645 703 908 765 πρόσωπον,
937 717 1055 762 quae
1091 720 1211 749 nemo
1249 720 1342 749 non
1367 708 1517 755 viderit
1542 709 1668 766 geni-

178 778 252 819 tivi
280 779 552 833 possessionis
582 780 769 838 exempla
797 791 913 830 esse,
942 779 1028 828 eni,
1055 778 1091 819 si
1118 765 1360 820 haberemus
1386 775 1492 835 χέρα
1516 792 1668 821 τεκτο-

179 841 332 897 ‹ri-vag,
368 848 458 900 ipse
494 849 627 890 locum
667 849 825 889 darem:
877 860 987 889 nunc
1024 860 1147 899 vero,
1182 861 1308 903 quum
1330 840 1528 904 ὀργάναν
1557 844 1668 905 χέρα

178 911 434 967 τεκτοσύνας
462 919 689 971 legantur,
707 919 968 960 statuendum
987 920 1053 959 est
1070 918 1316 958 adieetivum
1333 919 1528 959 illustrari
1553 919 1670 972 geni·

177 985 289 1037 tivo,
327 999 448 1041 quem
485 989 825 1044 interpretationis
860 987 1087 1041 genitivum
1124 999 1200 1041 per
1233 1000 1280 1028 se
1321 986 1484 1041 quidem
1519 987 1670 1031 vellem

176 1055 361 1098 lucratus
390 1060 504 1099 esset
528 1061 650 1112 poeta
678 1059 731 1100 ad
757 1058 1041 1112 explicandam
1069 1057 1359 1111 metonymiam
1387 1070 1556 1110 prorsus
1582 1058 1670 1100 inu-

177 1124 312 1177 tilem,
345 1126 543 1180 siquidem
563 1128 723 1169 omnino
746 1122 852 1183 χέρα
880 1127 955 1181 pro
981 1122 1124 1182 χειρὸς
1137 1120 1275 1182 ,ἔργον
1301 1121 1478 1178 (Troiae
1502 1128 1673 1180 m)
1694 1153 1702 1158 -

179 1194 331 1235 dictum
369 1209 463 1236 esse
504 1197 607 1238 duce
645 1197 862 1238 scholiasta
885 1196 959 1237 tibi
984 1195 1249 1249 persuaseris.
1308 1194 1490 1238 Accedat
1525 1197 1672 1240 tertius

179 1278 234 1306 ex
273 1266 349 1308 hac
387 1267 524 1308 fabula
557 1267 671 1308 locus
702 1281 741 1308 v.
774 1269 878 1308 652:
916 1258 966 1308 οὗ
1002 1259 1233 1322 πεσήματα
1261 1263 1445 1310 πλεῖσθ’
1467 1260 1674 1317 Ἑλλάδος

179 1331 394 1377 πέπτωκε
433 1335 642 1394 δοριπετῆ
680 1336 859 1392 νεκρῶν,
901 1336 970 1376 ubi
993 1330 1197 1385 Ἑλλάδος
1231 1338 1299 1376 est
1336 1348 1411 1390 pro
1433 1330 1671 1392 (Ελληνικά,

178 1402 392 1463 ὃσριπετῆ
419 1409 556 1448 autem
586 1401 818 1463 πεσήματα
859 1406 1132 1460 explanantur
1164 1405 1345 1459 genitivo
1372 1405 1554 1461 νεκρῶν,
1592 1406 1672 1459 qui,

178 1476 259 1515 etsi
304 1476 549 1517 excusabilis
599 1478 684 1526 est,
728 1475 862 1530 potuit
909 1478 1045 1517 tamen
1090 1475 1178 1515 sine
1197 1475 1334 1516 ,dubio
1375 1477 1542 1528 abesse,
1580 1476 1674 1530 quia

179 1539 412 1602 πεσήματα
439 1546 635 1589 cadavera
665 1560 759 1588 esse
788 1537 1016 1588 missalibus
1038 1544 1292 1601 promentia
1322 1558 1403 1586 non
1431 1546 1564 1588 minus
1582 1559 1673 1586 ver-

178 1615 274 1657 bum
314 1612 527 1658 πέπτωκε
562 1616 682 1657 docet
717 1629 838 1669 quam
876 1614 1169 1657 terminationis
1204 1616 1264 1672 ᾗ
1298 1615 1475 1668 indoles,
1512 1614 1567 1656 de'
1594 1628 1675 1669 qna

178 1686 368 1726 diximus.
429 1686 621 1739 Adiungo
649 1687 906 1740 impeditiora
927 1686 997 1726 illa
1026 1698 1080 1725 ex
1105 1685 1256 1726 Electr.
1286 1688 1391 1726 442:
1419 1684 1613 1742 Νηρῇδες
1632 1716 1642 1726 .
1664 1717 1673 1725 .

172 1749 421 1811 ῗΗφαίστου
446 1752 637 1811 χρυσέων
665 1748 862 1810 ἀκμόνων
903 1750 1100 1809 μόχθους
1140 1746 1361 1805 ἀσπιστὰς
1391 1750 1547 1812 ἔφερον
1576 1768 1672 1796 τευ·-

175 1821 307 1877 χέων,
347 1827 389 1866 ιιι
419 1826 565 1881 quibus
587 1821 837 1883 ςΗφαίστου
866 1825 1036 1868 subiecti
1065 1824 1271 1879 genitivus
1299 1827 1365 1867 est
1403 1825 1586 1881 pendens
1618 1836 1672 1865 ex

177 1896 307 1937 altero
327 1897 497 1938 subiecti
528 1897 710 1950 genitivo
739 1888 940 1949 ἀκμόνων
962 1891 1173 1948 χρυσέων,
1201 1892 1377 1947 τευχέων
1396 1898 1531 1936 autem
1550 1896 1672 1936 inter

178 1967 430 2019 pretationis,
452 1980 532 2020 quo
553 1967 810 2025 explicantur
818 1960 982 2019 μόχθοι
996 1956 1216 2007 ασπισταὶ
1235 1956 1448 2018 ακμόνων.
1477 1960 1672 2008 InOrest.

178 2039 262 2078 993
296 2051 327 2080 c.
357 2038 502 2080 habes:
535 2031 844 2090 λευκοκύμσνες
872 2028 991 2093 ᾖόνες
1019 2030 1214 2077 ποντίων
1246 2032 1411 2087 σάλων,
1450 2035 1520 2077 ubi
1560 2035 1672 2089 geni-

176 2106 289 2147 tivus
313 2108 380 2147 vel
419 2107 662 2148 adiectivum
712 2105 907 2160 explanat
943 2105 1012 2146 vel
1048 2105 1228 2147 abundat
1264 2105 1433 2147 omnino
1491 2105 1551 2146 At
1575 2119 1673 2146 vero

176 2191 369 2229 quorsum
399 2178 501 2218 haec
530 2177 688 2218 omnia?
726 2175 821 2229 quia
858 2177 1029 2230 apparet
1067 2175 1293 2228 genitivum
1331 2176 1439 2216 hunc
1475 2175 1673 2216 sermonis

177 2261 270 2287 esse
300 2261 399 2288 vere
431 2248 631 2302 poeticam
660 2247 867 2288 audaciam
905 2246 1024 2287 modo
1063 2246 1294 2301 appetentis
1331 2246 1449 2286 modo
1492 2246 1673 2288 reformi-

175 2318 330 2370 dantis,
370 2319 458 2359 sine
496 2318 617 2359 dubio
666 2320 802 2360 autem
844 2316 976 2370 magis
1025 2315 1239 2369 magisque
1285 2316 1478 2359 cadentis,
1526 2316 1672 2366 ‘Quod

174 2389 302 2443 igitur
328 2402 617 2442 nonnunquam
645 2388 826 2442 genitivo
865 2386 1229 2441 interpretationis,
1266 2386 1310 2427 id
1331 2386 1531 2441 ,apertius
1570 2387 1670 2429 alias

174 2459 265 2513 ipsa
303 2459 573 2514 appositione·
590 2461 713 2513 poeta
758 2458 897 2500 efficit:
942 2457 1058 2499 velut
1094 2471 1219 2510 quum
1257 2456 1484 2500 Centauros
1515 2457 1673 2499 *dixerit

172 2525 452 2584 τετρασκελές
480 2525 673 2584 ὕβρισμα
700 2528 820 2569 Herc.
851 2529 877 2569 f.
915 2531 995 2569 181
1009 2560 1021 2579 ,
1056 2528 1193 2569 statim
1222 2528 1345 2569 solvit
1370 2528 1532 2569 nodum-
1548 2540 1669 2582 appo-

173 2613 275 2641 nens
304 2593 564 2656 Κενταύρων
596 2594 735 2655 γένος.·
764 2599 958 2641 concedet
990 2599 1116 2653 igitur
1143 2599 1345 2655 profecto,
1385 2598 1420 2640 si
1461 2598 1551 2654 quis
1578 2611 1669 2658 per-

173 2670 378 2724 spicuitati
405 2671 480 2711 hoc
520 2670 638 2711 modo
669 2669 906 2725 Euripidem
947 2669 1208 2724 prospexisse
1247 2669 1516 2719 intellexerit,
1558 2669 1669 2711 reete

172 2741 223 2784 de
263 2754 308 2781 se
346 2740 525 2783 iudicare
563 2742 746 2797 poetam,
789 2753 910 2795 quum
949 2739 1057 2782 dicat
1093 2738 1297 2795 Aristoph.
1329 2739 1432 2782 Ran.
1464 2740 1549 2782 939
1577 2732 1670 2782 ἀλλ’
