1857 3133
178 119 203 157 6
262 120 265 124 .

177 232 383 288 patescat,
441 204 539 285 quid
584 230 804 284 singularis
854 230 1158 273 triumvirorum
1206 230 1368 271 morum
1417 230 1598 272 sonertia
1632 230 1673 271 in

102 294 104 297 ’
179 314 320 356 campo
346 300 545 342 latissime
573 300 730 357 patenti
763 299 1049 342 disseminarit.

297 370 558 425 Euripidem,
595 370 709 411 cuius
738 369 1024 412 bibliothecam
1058 369 1281 412 identidem
1318 369 1409 410 risit
1438 370 1674 425 Aristopha—

180 453 255 482 nes
280 440 385 482 Rau.
412 441 513 492 943,
543 441 670 491 1409,
698 441 747 481 ut
785 439 955 481 aliorum
990 439 1203 494 poetarum
1239 451 1363 494 opera
1392 438 1455 480 'ita
1480 438 1676 493 Aeschyli

182 510 365 565 inprimis
404 509 638 563 tragoedias
676 509 907 560 lectitasse,
946 509 1025 549 nisi
1062 508 1224 549 aliunde
1259 508 1450 559 sciretur,
1483 510 1677 562 probaret

184 579 404 634 spectabile
443 579 735 621 vocabulorum
783 591 932 633 agmen
973 591 1028 619 ex
1073 578 1220 619 fabulis
1260 574 1676 641 κομποφακελορρή-

183 662 317 702 μονος
345 651 494 703 poetae
524 660 550 688 a
583 637 1080 703 στωμυλιοαυλλεκτάδῃ
1097 648 1200 689 citra
1232 647 1577 702 exspectationem
1612 659 1676 688 as-

187 721 377 760 sumtum.
453 718 524 760 Ex
559 717 758 772 Sophocle
792 720 929 759 autem
963 730 1069 769 quae
1106 717 1309 771 receperit
1344 719 1388 757 et
1427 727 1480 757 an
1514 717 1679 759 omnino

182 787 333 840 multa,
371 800 496 842 quum
534 801 615 829 non
643 787 831 828 minimus
868 799 1063 828 numerus
1089 787 1157 827 ¹sit
1192 786 1484 828 vocabulorum
1513 788 1679 841 praeter

183 857 262 898 hos
283 857 392 901 duos
423 861 496 898 aut
523 870 722 911 nusquam
752 858 1008 910 repertorum
1037 858 1110 897 aut
1148 855 1356 897 rarissime
1394 855 1503 910 apud
1541 857 1676 909 poste-

181 926 331 981 riores,
360 939 507 968 vereor
531 928 581 968 ut
608 919 739 981 possit
766 926 917 979 ubique
946 925 1208 981 probabiliter
1236 925 1438 981 expediri:
1476 938 1556 979 ego
1585 938 1677 979 gra-

182 996 443 1037 vissimorum
470 998 734 1050 conspectum
760 995 924 1036 dedisse
952 995 1053 1036 satis
1080 996 1220 1036 habeo.
1290 994 1367 1036 His
1402 995 1531 1047 igitur
1567 1007 1679 1035 aoce-

185 1064 289 1106 dunt
327 1063 552 1119 Euripidea
590 1065 813 1107 secundum
854 1064 1193 1119 amplissimorum
1237 1065 1460 1106 lexicorum
1494 1063 1708 1118 inprimis*

187 1133 307 1174 Thes.
335 1134 425 1174 Par.
457 1134 579 1175 fldem
607 1146 689 1176 non
719 1134 850 1175 ausim
880 1133 1017 1174 dicere
1046 1133 1252 1174 indubiam
1268 1133 1471 1184 collecta,
1509 1146 1679 1187 quorum

185 1216 308 1258 quum
339 1203 509 1245 alteram
540 1206 700 1258 partem
731 1203 927 1254 efficiant,
966 1215 1069 1257 quae
1097 1215 1299 1257 nusquam
1328 1205 1492 1257 praeter
1519 1202 1680 1258 Euripi-

186 1273 281 1314 dem
312 1274 531 1326 leguntur,
571 1274 741 1315 alteram
771 1285 875 1327 quae
904 1286 986 1313 non
1023 1275 1118 1314 ante
1147 1286 1263 1324 eum,
1299 1273 1369 1314 illa
1397 1275 1446 1315 ut
1471 1285 1496 1313 a
1524 1268 1680 1314 dubita:-

185 1342 296 1382 tione
326 1343 455 1382 libera
484 1344 719 1392 manerent,
758 1342 889 1396 ipsius
931 1341 990 1381 rei
1030 1342 1134 1383 ratio
1167 1342 1373 1396 poposcit,
1407 1343 1509 1382 haec
1544 1344 1681 1382 autem

186 1424 310 1466 saepe
349 1412 566 1453 molestum
615 1411 795 1452 laborem
841 1413 1060 1466 pararunt,
1110 1411 1315 1452 interdum
1352 1411 1474 1453 etiam
1513 1404 1682 1452 irritum.

187 1479 422 1533 Congerere
462 1481 569 1521 enim
603 1493 868 1534 quaecunque
897 1481 1094 1534 Euripide
1123 1481 1252 1534 primo
1279 1482 1443 1521 auctore
1481 1481 1680 1530 dicuntur,

183 1549 281 1591 licet
308 1562 391 1591 non
417 1549 536 1591 modo
567 1550 765 1603 tragicam
801 1550 874 1591 sed
906 1562 959 1590 ne
985 1550 1185 1604 poeticam
1216 1549 1380 1603 quidem
1405 1549 1680 1591 inventionem

188 1619 368 1673 sapiant,
405 1619 527 1659 immo
566 1621 661 1673 post
691 1632 785 1659 eum
812 1631 850 1659 va
890 1619 1151 1672 scriptoribus
1191 1619 1309 1659 iuxta
1344 1631 1392 1660 ac
1423 1620 1556 1673 poetis
1593 1622 1680 1659 tum
1715 1619 1721 1625 '

186 1689 453 1743 supparibus,
492 1690 579 1729 tum
609 1688 845 1742 posterioris
877 1690 919 1729 et
954 1688 1079 1728 infimi
1112 1688 1204 1729 aevi
1238 1701 1319 1729 non
1356 1688 1569 1742 aliquoties
1607 1688 1681 1729 sed

187 1759 430 1801 creberrime
469 1760 727 1813 repetantur,
775 1755 1017 1799 temeritatis
1068 1759 1205 1813 potius
1247 1771 1367 1817 quam
1416 1757 1681 1799 accurationis
1761 1779 1767 1783 -

186 1828 352 1878 fuisset3
388 1827 594 1881 quocirca,
631 1829 679 1867 ut
719 1840 795 1881 par
823 1830 933 1878 erat,
970 1841 1020 1868 ea
1043 1830 1202 1886 tantum
1229 1828 1271 1868 in
1309 1827 1501 1868 iudicium
1538 1830 1683 1868 vocata

187 1902 305 1950 sunt,
338 1910 444 1951 quae
468 1897 672 1952 poeticum
701 1897 876 1938 colorem
903 1898 1014 1938 certe
1045 1897 1218 1952 aliquem
1246 1897 1459 1947 duxerint,
1495 1909 1520 1938 a
1550 1898 1682 1951 poste-

188 1959 360 2008 rioribus
391 1970 528 2008 autem
566 1967 722 2008 modice
758 1969 925 2021 recepta
959 1967 1041 2008 sint
1077 1981 1150 2021 pro
1190 1968 1317 2008 totius
1355 1967 1509 2007 scilicet
1543 1967 1683 2007 inven-

189 2036 310 2078 tionis
340 2036 586 2091 Euripideae
615 2038 762 2078 natura
796 2038 841 2078 et
863 2036 1022 2078 indole.
1090 2036 1158 2078 Ad
1194 2037 1299 2078 hano
1328 2036 1435 2078 enim
1463 2037 1552 2078 iure
1580 2036 1697 2077 refe·.

188 2119 279 2156 ras,
319 2106 428 2159 quod
465 2106 625 2147 etiamsi
662 2106 926 2147 imitationem
960 2119 1041 2147 non
1082 2107 1215 2147 minus
1252 2108 1404 2161 certam
1442 2119 1564 2159 quam
1601 2119 1683 2147 am-

189 2175 300 2230 plam
335 2175 575 2229 agnoveris,
613 2175 782 2216 habebis
822 2180 958 2216 tamen
972 2207 983 2225 ,
1019 2188 1124 2230 quae
1165 2178 1304 2217 utrum
1340 2176 1485 2230 tragici
1520 2175 1683 2229 ingenio
1742 2180 1746 2183 “

191 2257 244 2285 an
271 2246 436 2299 linguae
464 2245 558 2287 usui
586 2245 801 2287 tribuenda
827 2245 929 2297 sint,
965 2246 1036 2286 vix
1066 2246 1187 2287 dicas.
1244 2245 1422 2286 Imitatio
1451 2248 1587 2286 autem
1615 2245 1686 2285 illa

190 2316 408 2358 statuenda
431 2318 497 2358 est
524 2316 576 2358 de
606 2316 764 2357 duabus
795 2315 947 2358 causis:
976 2315 1150 2371 primum
1180 2329 1304 2370 quum
1329 2314 1563 2371 Aeschylea
1588 2328 1685 2370 pon-

190 2386 338 2428 derosa
367 2389 479 2429 certe
506 2387 705 2428 vocabula
744 2386 929 2440 exceptis
963 2386 1148 2441 pauculis
1185 2386 1284 2427 talia
1312 2388 1474 2438 essent,
1510 2388 1557 2427 ut
1589 2398 1686 2427 non-

189 2456 269 2498 nisi
305 2457 557 2510 tragoediam
587 2457 796 2507 decerent,
835 2456 1044 2510 Euripidis
1064 2446 1213 2498 ¹contra
1240 2456 1363 2510 longe
1393 2456 1567 2511 plurima
1596 2469 1687 2497 sua-

191 2527 318 2567 vitate
348 2538 470 2579 quam
497 2526 702 2579 gravitate
732 2526 955 2579 insigniora
975 2550 1035 2557 —-
1055 2527 1208 2567 sentias
1236 2528 1280 2566 et
1302 2526 1343 2567 in
1371 2526 1434 2567 his
1457 2523 1509 2567 τὸ
1533 2538 1687 2581 στρογ-
1768 2569 1778 2579 ,

193 2587 321 2650 γύλον
350 2620 406 2626 -
445 2595 631 2649 adeoque
672 2596 757 2637 tum
794 2595 1010 2637 universae
1046 2596 1160 2651 poesi
1197 2598 1284 2637 tum
1322 2596 1390 2637 vel
1428 2595 1689 2651 scriptoribus

195 2666 590 2719 opportuna²fuere;
618 2666 765 2707 deinde
795 2679 913 2719 quem
944 2668 1105 2720 poetam
1136 2667 1186 2707 ob
1219 2665 1512 2710 sententiarum
1532 2666 1689 2722 copiam

116 2742 119 2744 “
193 2749 242 2776 ac
277 2734 501 2775 novitatem
543 2737 653 2776 certo
696 2736 843 2776 scimus
884 2736 1075 2777 omnibus
1110 2736 1357 2790 temporibus
1401 2737 1575 2778 omnium
1612 2751 1690 2778 usu
1726 2740 1731 2751 ¹
