1857 3133
237 130 294 168 60

234 243 398 284 Lucian.
427 243 585 285 conviv.
624 244 658 297 ξ.
691 247 740 294 3,
759 244 905 285 Noun.
946 244 1136 299 Paraphr.
1175 247 1252 294 345
1292 240 1558 297 ἀνικέτευτος
1577 246 1600 273 *
1636 245 1727 299 Iph.

231 311 281 353 A.
306 316 419 356 1003
439 313 598 365 active,
625 307 892 364 ἀθώπευεος
911 314 961 342 **
981 308 1190 371 ’γλώσσης
1208 315 1276 355 An
1326 328 1401 356 om.
1422 316 1536 368 459,
1560 315 1724 358 Anthcl.

230 382 314 424 Pal.
350 383 434 434 VI,
465 386 572 434 168,
599 383 698 438 Lyc.
728 386 841 425 1399
872 385 1058 438 passive,
1089 385 1219 426 active
1241 383 1274 425 Τ
1318 415 1327 425 .
1348 396 1411 438 ap.
1433 384 1544 429 Stob.
1565 399 1603 439 p.
1626 388 1724 438 524,

230 456 317 494 tum
361 453 463 494 satis
503 455 717 506 vulgatum
761 448 1077 511 ἄμνημόνευτος
1108 454 1157 481 **
1197 449 1354 510 φόνος·
1379 453 1469 508 Iph.
1510 454 1566 498 ⁷1¹..
1598 458 1724 507 1419,

228 522 368 576 Polyb.
405 522 471 576 H,
513 525 589 575 35,
629 525 677 575 4,
715 523 884 579 Dionys.
911 523 959 565 A.
990 522 1041 564 R.
1075 523 1163 576 111,
1206 527 1281 577 67,
1325 522 1483 575 Strab„
1510 525 1560 567 al.
1590 537 1723 579 pass.‚

227 592 344 645 Diog.
378 593 515 635 Laert.
555 593 600 643 Ι,
644 596 700 636 86
748 594 902 643 active,
951 604 1071 645 porro
1112 588 1331 643 ἄστεπτος
1350 593 1374 620 *
1416 593 1577 634 Heracl.
1621 597 1723 646 440,

226 654 436 716 ἄφλεκτοι
464 662 513 689 **
553 658 740 705 πέλανοι
764 663 868 710 Hel.
916 664 1030 706 1334
1068 676 1124 713 e.‚
1169 662 1303 717 Apoll.
1341 662 1472 705 Rhod.
1509 663 1722 715 1,·1074,

226 724 451 787 ἄσφακτος
469 729 518 755 **
556 732 758 772 Ion.‘288
790 745 874 781 an„
910 729 1005 771 Ath.
1035 730 1124 783 IX,
1157 734 1263 782 380,
1303 734 1409 784 381,
1446 727 1722 791 dubl-mou*

225 797 350 855 γένος
376 801 468 843 Hel.
500 804 617 854 449,
645 801 798 851 Νοιιῃ.,
838 795 1070 854 ἀκύμαντοι
1090 800 1138 825 **
1176 795 1397 856 ψάμαθοι,
1430 802 1592 856 Hippol'.
1634 807 1717 845 235

225 881 310 919 an„
339 870 505 911 Lucian.
524 871 707 924 saepius,
737 869 947 912 Himerius
975 870 1108 923 etqui
1136 869 1368 924 Euripideis
1397 870 1478 915 frui
1506 872 1721 928 consuevit

222 938 263 978 N
263 952 353 979 onn.
398 939 567 993 Dionys.
615 940 680 990 H,
729 942 806 991 14,
865 932 1110 981 ἀστάκτων·
1138 934 1304 981 ὑδάτων
1353 939 1499 993 λοχεῖᾳ
1532 942 1632 994 ‘Iph.
1674 941 1720 980 Τ.

224 1009 337 1048 1242
372 1020 404 1048 c.
433 1008 547 1050 locus
574 1008 791 1050 natalicius
818 1007 1003 1053 adiaomzs
1035 1008 1156 1051 undis
1194 1022 1274 1052 non·
1300 1009 1545 1061 stabat-imis,
1582 1019 1719 1064 quam-

222 1091 344 1130 quam
374 1077 716 1135 SeidleruSKduce
743 1078 951 1131 Hesychio
981 1079 1102 1118 aliam
1130 1080 1390 1132 praeoptavit
1418 1080 1717 1132 interpretatio-

221 1160 335 1197 nem3
364 1160 496 1200 neque
524 1160 624 1188 vero
653 1146 917 1201 Hesychiana
944 1147 1087 1199 glossa
1116 1149 1203 1187 est:
1231 1149 1562 1193 veteres‘autem
1583 1161 1717 1201 gram-

218 1217 355 1256 matici
383 1217 451 1256 vel
480 1230 508 1256 α
528 1216 777 1256 intensivum
797 1229 883 1258 non
901 1216 1146 1269 privativum
1164 1217 1480 1269 deprehendisse
1508 1217 1584 1258 sibi
1604 1217 1716 1258 vide-

218 1286 375 1327 bantur.
392 1283 424 1337 ¹)
490 1285 584 1327 Non
625 1298 724 1327 sane
761 1285 891 1333 multa
934 1285 1053 1326 sliam
1098 1286 1302 1327 catalexin
1336 1286 1508 1327 habent:
1549 1278 1715 1342 ἅπρός-

217 1352 333 1403 ειλος
351 1353 378 1376 '¹‘
415 1355 510 1406 frgt.
550 1356 656 1395 842:
697 1346 733 1409 ᾦ
762 1346 904 1403 οὐδεὶς
943 1352 1256 1409 προςειλεῖται,
1281 1369 1286 1376 ’
1308 1356 1356 1395 ut
1398 1355 1625 1408 explicatur
1664 1357 1716 1396 ab

215 1422 423 1477 Hesychio
445 1425 488 1463 et
508 1423 557 1471 *in
578 1422 707 1464 Bekk.
730 1422 884 1464 Anecd.
916 1437 953 1476 p.
976 1425 1084 1473 440,
1116 1426 1169 1464 32
1184 1455 1196 1473 ,
1226 1417 1561 1480 ἀπρός-φοροι“
1590 1426 1714 1480 νῆσοι

213 1492 302 1546 Iph.
334 1492 384 1533 A.
418 1495 503 1534 287
534 1505 567 1532 c.
597 1493 740 1545 (igitur
768 1493 811 1532 in
844 1493 967 1533 dubia
995 1493 1129 1546 parte)
1145 1490 1180 1544 ²)
1211 1493 1420 1547 explicant
1446 1495 1712 1535 inconvenien-

212 1565 288 1614 tes,
317 1562 391 1603 sed
420 1562 555 1604 nescio
586 1575 639 1603 an
669 1562 751 1603 sint
778 1562 960 1612 insulae,
988 1562 1043 1604 ad
1068 1576 1167 1617 quas
1186 1550 1348 1617 namyia
1366 1563 1556 1605 nonlicet
1580 1565 1714 1619 appel-

211 1633 320 1683 lere,
347 1632 497 1673 Theod.
527 1632 670 1685 Prodr.
696 1646 734 1686 p.
761 1634 817 1673 90
848 1632 910 1672 al:
958 1631 1008 1672 In
1038 1633 1084 1686 ,ῖς
1114 1632 1172 1672 nil
1200 1632 1329 1673 habeo
1358 1635 1524 1686 praeter
1551 1627 1711 1690 ἀτημε-

210 1699 287 1759 λὴς
306 1702 354 1728 **
388 1696 617 1759 χρημάτων
656 1702 751 1755 frgt.
783 1703 868 1742 184
906 1716 983 1744 non
1022 1702 1242 1753 sollicitus,
1278 1701 1403 1751 Plut.,
1433 1701 1510 1742 Dio
1543 1701 1710 1757 Clu-ys„

210 1764 616 1835 (ἆθαμξήςΙΙεἪ-ἰὺιπ
643 1771 791 1824 Phryn.
816 1771 910 1823 frgt.
943 1774 979 1811 2.
1010 1770 1150 1821 Plut.)‚
1179 1771 1222 1810 in
1259 1771 1338 1816 δῖε
1368 1763 1557 1825 ἇτρίβων
1577 1772 1601 1797 *
1629 1772 1653 1813 i.
1673 1788 1709 1826 q.

210 1835 391 1897 ἀτριβής
419 1840 514 1892 frgt.
545 1842 630 1880 476
663 1852 724 1880 an.
752 1839 858 1891 —⁸)

328 1902 420 1949 Εῧε
471 1909 700 1962 Euripides
720 1908 1056 1961 quemadmodum
1084 1902 1187 1961 ἔργα
1218 1903 1396 1962 ἄνεργα,
1428 1904 1525 1950 ὁδοὶ
1555 1905 1707 1952 ἄνοδοι

208 1978 328 2030 dixit,
360 1979 419 2019 sic
446 1973 687 2032 εὖκοίματος
706 1977 756 2003 *¹*
796 1971 991 2031 κάματος
1019 1976 1164 2019 Bacch.
1198 1979 1251 2019 66
1281 1990 1314 2018 c.
1355 1978 1470 2021 labor
1496 1993 1573 2021 non
1600 1980 1707 2022 labo-

206 2052 364 2099 riosus,
392 2049 500 2101 quod
528 2051 576 2089 ut
605 2049 793 2089 sollerter
820 2048 1031 2088 inventum
1067 2048 1358 2103 posterioribus
1388 2061 1584 2102 perquam
1620 2049 1705 2102 pla-

300 2233 335 2279 1)
361 2232 431 2277 Qui
463 2216 668 2268 meminiffit
701 2230 913 2278 Sophoclem
937 2231 1091 2267 ἀστακτί
1111 2231 1262 2274 habere,
1296 2231 1329 2267 is
1352 2232 1430 2269 iure
1454 2232 1701 2275 haesitaverit,

206 2303 253 2327 an
285 2290 470 2337 Euripidis
500 2290 550 2326 sit
587 2288 784 2329 ἄστακτοςε
831 2292 869 2326 et
906 2286 1050 2326 omnino
1082 2290 1227 2336 quidem
1261 2289 1389 2325 horum
1425 2290 1702 2336 compositorum

205 2359 306 2384 eam⁴
327 2348 501 2384 nonnulla¹
543 2349 669 2383 notam
702 2357 797 2393 ‘prae
843 2358 880 2383 se
923 2347 1063 2390 ferunt,
1100 2349 1143 2383 ut
1182 2341 1325 2394 possint
1365 2358 1407 2383 ex
1447 2358 1516 2383 usu
1552 2348 1701 2395 linguae

203 2406 322 2454 petita
345 2417 423 2443 esse
454 2405 672 2443 existimari:
710 2405 806 2452 quod
834 2405 974 2443 indicat
1004 2406 1171 2452 inprimis
1199 2406 1350 2443 testium
1377 2408 1462 2453 post
1491 2405 1700 2452 Euripidem

203 2475 372 2500 numerus
404 2475 477 2499 non
509 2463 750 2508 spernendus;
786 2474 896 2508 quare
938 2464 1113 2498 nonnulla.
1143 2466 1185 2498 ut
1221 2462 1510 2514 &nominet-roc,
1540 2462 1698 2498 ἀσάλευ-

202 2535 280 2565 τος,
305 2520 572 2560 ἀσπούδαστος
604 2519 780 2565 (iunctum
815 2531 907 2560 cum
927 2519 1119 2567 σπεύδειν)
1161 2521 1239 2557 sine
1272 2520 1379 2557 dubie
1403 2520 1583 2557 mittenda
1604 2523 1697 2557 sunt.

201 2581 237 2626 2)
251 2579 454 2626 Hesychius
468 2577 704 2628 ἆπρόςφορον
724 2577 965 2628 ἀνάρμοστον
972 2578 1234 2626 interpretatur
1257 2580 1295 2614 et
1319 2577 1539 2628 ἀσύμφορον
1556 2577 1697 2627 ἀπρόσ-

202 2651 328 2689 φορον
423 2637 465 2683 3)
489 2636 545 2673 Ne
569 2635 658 2683 quid
689 2635 805 2680 desit,
839 2636 949 2673 affero
984 2637 1094 2673 etiam
1129 2638 1352 2687 ἀίστορες**
1382 2635 1516 2687 μάχης
1527 2634 1694 2673 Androm.

201 2696 288 2738 682,
315 2696 411 2732 Plat.
433 2695 546 2742 Legg.
570 2693 680 2736 VIII,
702 2693 772 2731 845
795 2694 983 2742 lexicogr.⁷
1009 2694 1054 2732 de
1078 2706 1148 2742 quo
1173 2694 1338 2732 dubitare
1356 2695 1462 2736 licet,
1486 2694 1573 2731 item
1593 2697 1636 2731 ut
1650 2695 1694 2731 de

201 2754 402 2803 ἀθίκτορας
428 2754 505 2790 Ion.
530 2752 615 2800 frgb.
637 2752 691 2788 11.
