1857 3133
1559 128 1614 167 39

137 242 253 281 1104
267 253 323 291 c.,
321 236 544 296 δακρύων
567 233 909 298 ἦλεκτροφαεῖς*
935 233 1066 296 αὐγαί
1087 241 1210 296 Hipp.
1231 244 1310 283 741
1332 255 1387 287 e..
1418 255 1614 298 φοινικο-

135 303 285 366 φαὴς*
312 303 426 360 πούς
455 309 539 352 Ion.
572 312 665 352 163
686 321 749 350 an.
772 321 984 364 purpurae
1021 310 1270 369 splendorem
1309 302 1480 362 hobam
1521 311 1614 352 huic

134 379 317 433 proxima
337 382 433 422 sunt
451 376 828 437 φοινικοσκελεῖς*
844 374 972 435 χηλαί
990 379 1074 422 Ιοιι,
1098 383 1223 433 1207,
1244 376 1614 437 φοινικόλοφος”

131 441 299 504 δράκων
327 448 472 492 Phoen.
498 451 583 500 820
598 461 653 500 0.,
683 447 882 494 Theocrit.
909 446 1061 500 XXII,
1091 452 1166 500 72,
1190 436 1370 504 Geopon.
1402 449 1522 501 XIV,
1544 453 1610 503 16,

134 521 182 571 2,
215 517 344 573 Suid„
375 521 417 561 et
436 519 534 560 Hes.
555 531 609 559 ex
627 517 845 573 Euripide3
879 508 1183 574 ἆνθόκροκος*
1212 513 1325 577 πήνη
1350 518 1450 560 Hec.
1471 522 1552 560 471
1578 533 1609 560 c.

129 588 211 629 tela
243 591 337 643 (quo
364 602 489 631 sensu
517 588 720 629 adamavit
742 587 976 642 Euripides)
1015 601 1067 629 ex
1083 588 1163 641 filo
1183 588 1387 642 floridulo
1415 592 1608 640 contexta,

131 660 178 698 ut
204 659 315 700 recte
343 660 509 702 vertunt
537 657 658 699 Thes.
688 656 777 698 Par.
803 650 984 699 editores
998 688 1010 708 ‚
1047 669 1178 711 neque
1209 654 1315 698 enim
1350 658 1462 712 prius
1497 660 1609 699 recte

78 743 84 746 ·
131 724 379 772 intellectum
407 730 474 768 est
481 760 492 779 ,
523 723 805 782 λινόκροκον*
833 726 974 783 φᾶρος
998 725 1100 769 Ηοο.
1132 729 1241 766 1081
1275 740 1306 766 c.
1335 727 1376 766 in
1397 726 1610 781 Thes.'per

129 795 435 837 inconstantiam
454 796 534 838 sie:
555 809 640 847 „ew
658 797 742 838 lino
749 794 892 848 faotus
910 798 949 837 et
970 809 1107 838 croceo
1126 795 1258 837 colore
1276 796 1436 846 tinctus,
1456 796 1611 836 utrum-

129 878 208 918 que
237 865 343 905 enim
373 865 711 918 comprehendere
740 865 903 906 videtur
931 866 1006 906 hoc
1034 865 1309 919 composito:“
1335 863 1518 914 minime,
1546 866 1612 904 est

128 933 235 974 enim
263 945 318 975 ew
340 934 425 975 ,lino
452 936 607 975 temtum
634 935 777 979 velum.
834 934 1201 988 Aeschyleomore
1229 933 1366 975 fictum
1399 935 1466 974 est
1489 934 1607 975 Κεν-

127 999 469 1059 ταυροπληθὴς*
509 996 705 1055 πόλεμος
731 1002 853 1044 Herc.
883 1004 908 1044 f.
939 1006 1051 1044 1273
1080 1004 1105 1043 i.
1135 1016 1178 1057 q.·
1210 996 1468 1057 Κενταύρων
1494 1001 1609 1059 πλῆ-

128 1073 214 1126 θος
241 1066 365 1122 Ziza»,
402 1085 526 1124 quum
566 1074 702 1112 cetera
728 1072 770 1111 in
800 1083 944 1124 ninom-
974 1072 1055 1112 sint
1093 1065 1301 1113 obiectiva.
1358 1072 1564 1113 Nonnulla
1587 1086 1613 1114 a

127 1138 352 1182 nominibus
385 1140 636 1182 metallorum
685 1138 1012 1200 suppeditantur:
1067 1137 1384 1205 otdvedvmm*
1424 1134 1614 1191 ἀσπίδος

128 1203 260 1249 τύποι
289 1208 437 1249 Phoen.
476 1213 609 1259 1130,
638 1204 971 1260 xaiueivwvog**
999 1202 1139 1260 ἆσπις
1173 1210 1316 1251 Troad.
1350 1214 1483 1261 1136,
1513 1206 1611 1253 ἰτέα

130 1280 264 1330 1193,
297 1275 428 1320 Noun.
468 1278 583 1320 Dion.
622 1277 688 1330 X,
727 1280 832 1332 388,
878 1278 957 1320 nisi
1005 1279 1113 1332 quod
1159 1279 1327 1321 formam
1374 1273 1611 1321 hexametro

127 1348 245 1388 unice
289 1348 474 1388 idoneam
512 1349 720 1401 adoptavit
762 1342 1075 1399 χαλκεόνωτος,
1136 1362 1257 1402 porro
1312 1346 1614 1404 χαλκεγχέων*

133 1410 297 1473 Τρώων,
323 1412 473 1470 ἄλοχοι
501 1417 644 1459 Troad.
669 1420 752 1459 143
773 1430 858 1468 an„
886 1415 984 1458 Hes
1011 1431 1065 1458 ex
1083 1416 1203 1468 Eun,
1227 1412 1613 1473 χαλκεμβολάδες*

128 1487 223 1542 νῆες
258 1487 345 1540 Iph.
382 1486 432 1527 A.
475 1491 587 1529 1319
620 1501 651 1528 c.
700 1490 882 1529 aeratam
932 1490 1108 1529 rostrum
1148 1488 1331 1529 habentes
1386 1490 1613 1541 (masculini

126 1557 254 1597 forma
277 1558 382 1613 poet.
410 1556 484 1609 lyr.
515 1569 576 1609 ap.
597 1556 713 1596 Dion.
737 1556 829 1597 Hal.
851 1557 888 1596 d.
908 1569 1035 1609 comp.
1067 1558 1177 1597 verb.
1207 1570 1239 1596 c.
1274 1561 1327 1597 17
1356 1559 1435 1598 vid.
1457 1558 1610 1612 Bergk.

127 1626 201 1680 lyr.
229 1626 366 1679 adesp.
398 1628 503 1676 120,
531 1625 635 1666 Plut.
665 1625 829 1667 Diodor.
857 1627 1051 1676 utuntur,
1090 1625 1141 1666 de
1181 1626 1360 1667 feminini
1387 1626 1467 1667 vid.
1498 1626 1620 1679 cm,

127 1696 189 1735 De
226 1696 382 1736 format.
425 1694 540 1735 Nom.
581 1694 651 1736 Gr.
693 1709 731 1748 p.
764 1697 826 1747 9);
870 1688 1220 1750 χρυσοκάρανος*
1260 1692 1391 1753 δόρκη
1429 1696 1549 1737 Herc.
1585 1698 1610 1737 f.

129 1767 211 1806 375
241 1778 272 1805 o.
283 1796 295 1815 ,
329 1757 682 1820 χρυσόμαλλος*”
728 1764 835 1818 quod
883 1776 1006 1818 quum
1045 1764 1263 1818 Euripides
1310 1767 1357 1804 ut
1403 1765 1612 1806 inventum

127 1847 245 1874 suum
271 1834 418 1874 habeat
446 1833 579 1873 Orest.
612 1836 693 1873 998
715 1846 747 1873 e.
778 1832 840 1873 El.
872 1836 953 1874 725
986 1846 1040 1884 0.,
1068 1833 1295 1887 perplacuit
1322 1830 1612 1888 Posterioribus

128 1904 244 1944 velut
266 1902 450 1957 Apollod.
477 1902 520 1953 I,
554 1905 600 1952 9,
630 1905 712 1953 16,
735 1902 850 1943 Diod.
870 1901 946 1951 IV,
969 1903 1043 1952 15,
1071 1901 1258 1944 Philostr.
1289 1916 1327 1957 p.
1351 1905 1457 1954 881,
1487 1901 1609 1958 Orph.

36 2003 44 2010 .
126 1973 226 2027 Arg.
260 1975 397 2023 1016,
436 1971 546 2013 Suid.
577 1972 626 2012 al.
668 1971 886 2023 (interdum
915 1963 1093 2011 admissa
1121 1972 1250 2012 altera
1278 1973 1406 2012 forma
1429 1967 1609 2027 χρισεό-

125 2040 327 2098 μαλλος),
367 2039 614 2098 χρυσοφαὴς
636 2042 683 2067 ²⁸*
723 2037 842 2098 ἥλιος
890 2040 989 2082 Hec.
1030 2044 1113 2083 636
1144 2055 1197 2092 c.,
1251 2040 1371 2096 Hipp.
1415 2044 1527 2083 1276
1554 2045 1615 2092 c.‚'

126 2112 229 2153 Plut.
244 2112 422 2153 Maneth.
442 2110 619 2163 11‚<383‚
638 2111 687 2151 al.
731 2110 809 2151 His
837 2111 916 2151 duo
946 2109 1065 2152 affert
1087 2110 1272 2151 Rhesus:
1302 2108 1609 2169 χρυσόβωλρν*

125 2178 264 2231 λέπας
295 2185 398 2230 921,
431 2177 705 2239 χρυσοτξιχὴς
723 2180 746 2205 *
783 2180 923 2235 Ρῆσος
953 2183 1047 2221 340.
1085 2204 1145 2210 —-
1190 2180 1258 2221 Ex
1287 2181 1455 2233 tragicis
1484 2180 1607 2221 mino-

125 2250 234 2292 ribus
260 2262 389 2304 pauca
420 2249 585 2302 collegi:
625 2248 700 2289 Ion
734 2248 828 2301 frgt.
861 2250 928 2288 40'
958 2248 1061 2289 dixit
1098 2242 1415 2305 θαμνομήκης*
1449 2243 1610 2304 ῥάβδος

125 2323 168 2360 et
186 2321 277 2371 frgt
302 2323 355 2359 68
377 2320 449 2359 sed
463 2319 533 2359 vix
556 2332 629 2359 suo
649 2313 827 2371 ‘periculo
850 2314 926 2359 τὸν
947 2313 1177 2373 πηνέλοπα
1198 2311 1606 2374 φοινικόλεγνον*”;

127 2378 375 2431 Chaeremon
402 2388 497 2441 frgt.
530 2391 551 2428 1
589 2381 722 2441 κόμαι
752 2385 1012 2444 κηροχρῶτες
1025 2385 1049 2411 *
1082 2400 1240 2429 cereum
1265 2387 1436 2429 colorem
1467 2387 1609 2428 haben-

124 2463 205 2509 tes,
245 2458 295 2498 de
332 2461 501 2498 accentu
536 2457 616 2497 vid.
657 2457 755 2498 Lob.
796 2457 967 2511 Paralip.
1006 2471 1045 2510 p⁶
1077 2456 1173 2498 255.
1203 2481 1261 2486 -
1299 2456 1455 2497 Horum
1481 2456 1606 2509 igitur

125 2529 181 2571 nil
209 2526 361 2570 recedit
387 2539 412 2567 a
440 2526 603 2581 linguae
630 2525 942 2577 consuetudine,
972 2527 1016 2567 at
1046 2524 1235 2581 superest
1257 2526 1298 2566 in
1328 2525 1389 2567 El.
1412 2527 1522 2567 1345
1542 2536 1604 2564 an.
1639 2537 1640 2543 ¹

126 2597 379 2652 desperatius
409 2590 528 2636 villud
569 2594 921 2652 χειροδράκοντες
939 2595 964 2620 *
1006 2597 1057 2636 de
1100 2589 1390 2638 'Eumemzzzbus
1431 2596 1604 2635 dictum:

126 2668 222 2723 quid
259 2665 334 2709 hoc
362 2666 429 2707 vel
466 2678 544 2720 quo
578 2666 672 2720 jure
712 2666 753 2706 id
795 2668 883 2717 est,
922 2665 1027 2719 quod
1058 2665 1381 2720 exspectaveris,
1418 2662 1605 2703 nimirum
1666 2669 1673 2674 ’

125 2735 172 2779 ἕν
195 2734 315 2793 χερσὶ
335 2730 569 2793 δράκοντας
589 2732 759 2787 ἔχουσαι
772 2754 796 2790 ,2
814 2737 993 2777 ceterum
1013 2748 1146 2788 neque
1177 2734 1399 2785 sufficeret,
1430 2734 1465 2774 si
1484 2734 1605 2774 habe-
