1857 3133
197 150 254 190 54

194 261 398 320 σέφασσα
439 263 575 305 Orest.
621 266 705 305 964
737 277 769 304 c.
800 263 825 304 i.
854 276 892 316 q.
923 260 1032 321 καλὴ
1061 262 1171 312 παῖς
1200 263 1298 315 (vid.
1327 263 1425 304 Lob.
1457 262 1630 317 Paralip.
1649 275 1693 318 p.

195 336 280 378 372
310 334 353 376 et
383 331 496 377 Curt.
523 331 856 388 Erliiutertmgen
885 346 924 392 p.
958 333 1070 387 145).
1131 329 1205 375 Cui
1235 330 1425 375 licentiae
1451 331 1521 374 ille
1546 330 1591 374 in·
1618 345 1695 375 suo

194 404 326 458 ipsius
357 404 524 445 invento
556 403 744 454 indulsit,
776 403 975 456 siquidem
1006 402 1074 457 qui
1103 396 1405 457 μελάμβροτον
1424 400 1453 426 ⁴⁶
1488 403 1568 458 »γῆν
1595 401 1691 456 frgt.

197 475 285 516 230
305 474 458 515 terram
486 472 651 515 vocavit
682 473 824 528 nigros.
848 471 1038 515 mortales
1065 472 1291 523 habentem,
1317 469 1425 512 idem
1445 465 1690 527 μελάμβρο-

194 555 265 584 τοι
284 543 308 568 ²⁸²
335 537 527 595 γείτονες
555 542 650 596 frgt.
674 545 754 584 771
788 542 893 584 dixit
917 544 1056 597 myro&
1081 544 1248 584 vicinos.
1271 566 1326 572 —
1357 536 1590 595 Aeschylus
1622 550 1697 581 suo

195 610 332 652 Marte
360 611 530 665 protulit
556 603 593 654 ὦ
632 605 775 669 πάτερ
813 606 1070 666 αἶνόπατερτ
1109 609 1330 666 Euripides
1354 609 1407 651 >si
1446 616 1528 651 non
1566 608 1699 660 finxit,

196 682 335 722 tamen
365 682 416 723 ab
444 680 645 724 Alcmene
674 682 773 736 frgt.
797 683 854 723 50
883 679 1144 722 transsumsit
1171 674 1429 737 Αἶνόπάρις
1445 679 1538 722 Hel.
1563 681 1698 721 9450.

196 749 296 805 Ipse
326 752 471 805 genuit
500 746 634 808 πόρις
657 743 815 804 Ἰνάχου
845 743 1201 808 παλαιομήτωρ*
1232 749 1375 805 Suppl.
1399 741 1483 793 628
1505 765 1563 802 c.‚
1592 749 1700 806 quod

199 821 268 862 vel
298 818 468 863 παλαιὰ
499 816 637 879 μήτηρ
666 817 737 862 est
760 821 967 874 (determ,
1001 822 1181 861 ceterum
1209 820 1386 861 sonasse
1423 821 1592 873 rectius)
1630 820 1701 861 vel

199 888 404 931 παλαιῶν
443 890 622 943 (obiect.)
653 890 796 931 ¹Porro
839 889 1029 931 adieetivi
1066 889 1149 930 vim
1185 890 1313 931 habes
1350 889 1392 930 in
1428 884 1703 947 ἷῃιιίδουλος“ἰ

198 958 327 1000 Andr.
370 961 453 1001 942
498 961 762 1012 semisomno,
791 953 1049 1016 ἕυθυδήμων
1067 958 1096 983 ¹⁵
1131 959 1227 1013 frgt.
1269 961 1354 1001 228
1387 960 1564 1015 εἰσκρίσεις
1589 961 1702 1013 civis,

201 1028 310 1082 quod
348 1028 561 1084 Euripidis
604 1043 698 1071 esse
735 1029 970 1084 Hesychius
1015 1029 1143 1070 tradit
1184 1029 1394 1083 explicans
1432 1024 1702 1086 εῧθτδήμονα

202 1092 374 1141 ἁπλοῦν
414 1096 613 1158 δημότην.
683 1099 827 1154 Neque
865 1100 1005 1150 deest,
1046 1099 1174 1153 quod,
1218 1097 1354 1153 qunm‘
1373 1099 1700 1154 (determinative

203 1169 500 1222 explicaretur,
539 1169 592 1210 ad
621 1169 857 1223 possessiva
885 1168 1060 1210 transire
1098 1168 1219 1209 iussit
1250 1168 1501 1210 Lobeckius:
1536 1161 1702 1226 ἄμβρο-

201 1230 408 1289 τόπωλος
425 1237 453 1262 ¹*
488 1237 634 1298 Troad.
664 1240 749 1280 537
780 1249 814 1279 c.
852 1236 1060 1279 Seidlerus
1092 1237 1144 1278 de
1173 1236 1363 1279 Minerva
1395 1237 1545 1279 dictum
1575 1239 1703 1295 expli-

204 1308 275 1348 cat
301 1302 521 1364 ἄμβροτος
549 1305 723 1358 π’ῶλοςι
753 1321 875 1361 quem
905 1320 1031 1361 quum
1059 1308 1339 1361 reprobaverit
1363 1308 1537 1350 Lobeck.
1554 1309 1704 1365 Plu-yn.

206 1378 288 1418 601
321 1378 556 1431 possessive
581 1378 879 1432 interpretans,
907 1378 1071 1418 videtur
1097 1380 1233 1419 tamen
1254 1378 1511 1432 postmodum
1530 1379 1704 1434 Paralip.

202 1458 241 1500 p.
274 1449 355 1487 371
387 1446 573 1488 dubitare
586 1477 597 1497 ‚
635 1448 773 1488 utrum
803 1446 895 1488 Dea
925 1445 1199 1500 significetur,
1237 1448 1286 1488 ut
1320 1447 1553 1502 possessive
1590 1448 1707 1491 velut

207 1513 490 1567 κλυτόπωλος
519 1518 667 1557 debeat
693 1517 889 1570 intelligi,
915 1530 966 1558 an
995 1531 1119 1571 equus
1145 1517 1292 1558 durius
1318 1520 1366 1557 ut
1386 1518 1707 1571 determinative,

204 1586 393 1639 quoniam
421 1599 569 1627 nomen
593 1584 761 1638 ἵππος,
792 1586 899 1640 quod
930 1586 1058 1637 desit,
1087 1586 1245 1627 duobus
1266 1587 1457 1641 epithetis
1479 1589 1580 1629 satis
1600 1602 1705 1644 com-

205 1658 415 1709 pensetur.
476 1655 645 1709 Aptius,
676 1656 917 1710 opinor,‘ad
948 1657 1064 1696 deam
1093 1657 1302 1707 retuleris,
1343 1670 1419 1697 nec
1450 1657 1594 1708 video,
1634 1672 1708 1699 cur

206 1725 303 1765 ferri
334 1727 513 1778 nequeat
543 1723 714 1766 Seidleri
738 1724 1032 1779 interpretatio.
1091 1725 1234 1779 Neque
1264 1719 1538 1782 κακόνυμφος
1556 1726 1583 1752 ’”
1612 1727 1707 1768 sim-

207 1793 473 1848 plicissimum
503 1798 589 1845 est,
617 1795 726 1847 quod
755 1794 867 1835 Med.
898 1797 985 1835 990
1017 1808 1049 1835 0.
1078 1808 1247 1850 sponsus
1274 1794 1443 1849 infelix,
1474 1796 1545 1836 sed
1568 1799 1652 1837 206
1675 1810 1707 1837 o.
1746 1834 1750 1837 .
1834 1770 1845 1784 ι

206 1857 460 1921 (προδότης)
478 1865 615 1906 malus
630 1867 714 1915 est,
748 1864 798 1905 de
818 1863 979 1918 Hippol.
1004 1866 1085 1905 757
1109 1876 1140 1905 o.
1166 1864 1246 1905 vid.
1277 1864 1391 1905 infra.
1442 1864 1712 1919 Singulariter

204 1933 357 1975 dictum
378 1921 444 1974 es't
464 1929 782 1983 πολυποίκιλος
800 1933 888 1988 Iph.
911 1933 955 1974 T.
979 1935 1090 1974 1149
1109 1947 1141 1974 c.
1161 1934 1234 1974 vix
1254 1930 1394 1984 πολὺς
1413 1931 1486 1976 καὶ
1508 1932 1713 1987 ποικίλος

207 2140 331 2175 utrum
355 2137 587 2189 intelligatur
610 2141 863 2188 Περσέφασσα
896 2139 1097 2178 καλλίπαις
1129 2137 1201 2174 θεὰ
1228 2138 1249 2183 ἢ
1280 2139 1417 2186 ἔχουσα
1451 2137 1566 2174 καλὸν
1588 2138 1710 2174 παῖδα

207 2196 273 2232 τὸν
290 2197 442 2242 Ἴακχον
465 2195 487 2241 ἢ
513 2196 535 2240 ἡ
560 2194 655 2230 οὖσα
679 2195 771 2239 καλὴ
795 2200 905 2236 παῖς,
932 2195 966 2231 ei
989 2207 1062 2231 non
1086 2195 1243 2231 multum
1267 2196 1499 2232 tribuendum
1514 2206 1593 2232 em
1609 2196 1710 2232 duco.

207 2252 289 2289 Scio
320 2252 465 2299 quidem
487 2252 688 2299 posteriore
710 2253 873 2298 tempore
898 2251 1067 2288 Iacchum
1099 2264 1164 2300 pro
1188 2252 1286 2289 Iovis
1318 2255 1356 2290 et
1378 2253 1630 2300 Persephonae
1652 2251 1712 2289 vel

206 2312 390 2350 Demetris
413 2312 491 2348 filio
513 2311 680 2349 habitum
712 2322 791 2348 esse
827 2311 915 2357 (vid.
949 2312 1046 2348 locos
1081 2323 1170 2359 quos
1206 2313 1390 2360 congessit
1420 2313 1567 2349 Preller.
1592 2311 1710 2360 Myth.

208 2382 262 2417 gr.
288 2370 327 2412 I,
349 2371 453 2417 614),
488 2373 529 2406 at
551 2370 642 2406 mihi
674 2370 866 2406 sollemnes
908 2370 995 2406 illae
1028 2370 1280 2417 Persephonae
1315 2371 1577 2417 appellationes
1611 2370 1713 2406 velut

207 2430 452 2486 xauayfma,
479 2426 715 2479 περικαλλὴς,
742 2430 992 2476 μουιόγένεια
1017 2428 1088 2465 vid.
1104 2428 1214 2465 Pren.
1230 2429 1268 2471 I,
1285 2429 1367 2473 592.
1383 2431 1463 2466 tum
1484 2440 1569 2466 vero
1592 2429 1712 2475 ipsum

207 2487 300 2523 illud
326 2485 427 2535 Κόρη
450 2485 518 2521 hoc
545 2496 653 2530 quam
676 2486 831 2521 maxime
863 2486 1033 2521 videntur
1068 2486 1258 2522 adfirmare
1272 2513 1280 2529 ‚
1316 2487 1585 2533 Persephonam
1610 2488 1647 2522 et
1670 2489 1713 2522 ut

208 2546 490 2589 pulcherrimam
515 2544 617 2579 etut
642 2544 754 2585 filiam
779 2543 838 2579 vel
864 2536 978 2587 filiam
1003 2547 1144 2580 unicam
1167 2545 1433 2591 repraesentari
1457 2545 1604 2581 solitam
1621 2547 1711 2582 esse.

208 2604 343 2639 Verum
379 2602 468 2638 haec
500 2602 583 2648 ipsa
620 2600 691 2636 duo
733 2602 859 2637 insunt
905 2602 943 2637 in
982 2602 1160 2639 adiectivo
1200 2605 1398 2642 καλλίπαις
1436 2602 1712 2639 determinative

208 2659 399 2706 explicato.
447 2659 618 2696 Ceterum
634 2669 761 2694 moneo
779 2658 912 2698 εὔπαις
935 2660 1101 2704 (Λατοῦς
1124 2659 1262 2706 γόνος),
1293 2659 1389 2707 quod
1411 2661 1454 2695 ut
1469 2660 1711 2705 possessivum

209 2718 293 2771 inde
300 2751 302 2757 ,
318 2718 364 2755 ab
390 2718 547 2755 Homero
570 2717 662 2754 satis
688 2717 864 2755 usitatum
888 2719 963 2761 est,
991 2718 1089 2766 apud
1114 2719 1231 2756 solum
1261 2718 1470 2766 Euripidem
1494 2717 1711 2756 determina.-

205 2777 320 2812 tivam
346 2776 652 2823 significationem
677 2778 823 2813 nactum
845 2786 926 2813 esse
950 2777 1021 2814 vid.
1049 2789 1081 2823 p.
1108 2778 1166 2814 61.
