1857 3133
1571 126 1654 165 10⁷
1713 147 1722 150 ’

164 250 376 307 Indorum,
416 257 525 306 quae*
548 238 644 292 sunt
673 248 844 309 materia
879 241 1196 305 compositionis,
1233 250 1407 293 delectu.-
1428 250 1659 306 ‘multiplex

165 320 208 360 et
233 320 520 363 inexhaustum
548 319 746 375 Aeschyli
773 318 1187 374 ingenium-undique
1224 322 1269 361 at
1291 320 1454 361 minime
1484 322 1656 362 temera-

163 387 224 430 rio
262 389 430 432 collecta
463 389 661 432 vocabula
700 387 925 443 compegit,
973 388 1191 444 Euripides
1226 389 1268 431 in
1312 389 1570 444 paucioribus
1607 403 1653 430 sc

163 460 377 521 continuit,
410 461 484 501 sed
512 472 799 513 nonnunquam
821 458 865 499 in
892 472 972 500 uno
1004 460 1226 513 eodemque
1245 460 1358 501 varie
1378 460 1652 513 componendo

133 522 134 525 ’
161 530 246 569 tam
270 527 412 571 sollers
431 529 532 582 fuit,
559 531 607 572 ut
634 528 733 571 nihil
759 528 845 570 fere
865 528 1512 582 subsequentibusinveniendum
1531 520 1651 570 relin-

162 600 323 650 queret:
360 599 418 639 id·
437 601 576 640 autem
609 600 774 652 ,grande
815 598 1130 653 compositorum
1145 650 1147 652 ,
1162 612 1255 640 011111
1282 593 1416 649 καλός
1445 601 1488 640 et
1514 595 1653 649 πολύς

162 680 310 732 agmen
344 668 526 723 inprimis
562 669 700 712 docet:
742 670 829 710 tum
865 680 996 723 aeque
1034 667 1078 709 in
1117 681 1256 712 rerum
1292 669 1651 724 condicionumque,

161 749 267 790 quae·
293 738 593 792 exprimuntur,
626 740 779 781 ambitu
798 738 1007 780 differunt:
1038 738 1270 792 Aeschylus
1292 738 1396 778 enim
1416 752 1497 779 non
1515 740 1649 779 minus

161 819 211 847 ea
230 819 332 861 quae
348 808 479 869 oculis
499 811 738 863 cernuntur,
769 821 890 862 quam
910 821 1013 862 quae
1041 807 1320 863 percipiuntur
1343 809 1479 850 mente
1510 807 1651 861 (igitur

161 876 345 918 diversos
372 879 504 922 status
536 878 673 928 animi)
703 878 895 920 describit
922 891 1022 919 usus
1052 878 1219 932 insuper
1237 876 1648 931 magnificentissimis

159 946 510 997 translationibus,
528 947 754 1001 'Euripides
786 950 941 998 autem,
980 961 1098 1000 quem
1127 949 1287 1006 constat
1322 948 1495 988 muitum
1522 947 1649 988 fuisse

39 1047 57 1065 0
85 1007 90 1017 ¹
157 1014 200 1055 in
227 1014 501 1057 describendis
528 1016 578 1057 iis
597 1014 647 1075 ¹)²
674 1015 778 1074 quae
808 1016 883 1057 sub
911 1012 1147 1070 adspectum
1173 1017 1346 1067 cadunt,
1381 1018 1470 1066 tum
1498 1028 1564 1057 res
1591 1017 1649 1057 in-

159 1086 331 1126 terdum.
347 1087 596 1141 nuncupavit
625 1086 765 1139 quales
806 1086 1057 1141 apparebant
1097 1086 1271 1127 intuenti
1310 1087 1385 1139 (ita
1423 1080 1648 1139 τύμπανον

139 1157 198 1197 -ei
227 1159 293 1198 est
319 1151 581 1214 βυρσότονον
611 1150 849 1211 κύκλωμα),
876 1158 974 1199 tum
1010 1156 1301 1212 adspectabilia
1328 1168 1550 1212 permagno
1581 1155 1649 1197 ad-

160 1226 404 1267 iectivorum.
427 1227 733 1281 depingentium
763 1239 929 1267 numero
958 1228 1196 1268 exornavit:
1223 1228 1416 1280 qualium=
1432 1227 1647 1268 adiectivo-

157 1308 249 1337 rum
278 1309 401 1349 quum
438 1296 620 1350 poeticus
661 1296 770 1337 color
796 1309 885 1337 nec
921 1309 1019 1336 vero
1061 1297 1276 1349 peculiaris
1310 1297 1380 1338 illa
1396 1296 1647 1348 'tragoediae

158 1364 350 1405 maiestas
372 1367 519 1416 esset,
538 1366 647 1405 haud
666 1365 818 1418 exigua
846 1376 942 1418 pars
969 1364 1011 1404 in
1039 1366 1255 1422 lectorum,
1286 1364 1525 1419 praesertim
1552 1377 1647 1418 poe-

157 1435 291 1474 tarum
317 1434 476 1476 libellos
505 1434 674 1476 transiit.
695 1457 748 1464 —
781 1433 844 1474 De
864 1434 1151 1474 adjectivorum
1171 1434 1224 1474 ad
1252 1434 1506 1476 substantiva
1524 1446 1646 1488 appo-

157 1503 370 1560 sitionibus
408 1504 478 1545 ubi
515 1505 660 1546 ceteris
698 1503 1001 1558 quaestionibus
1032 1503 1293 1545 vsatisfactum
1321 1504 1419 1555 erit,
1448 1505 1484 1544 si
1512 1504 1644 1545 minus

142 1574 347 1614 benevole
388 1576 524 1614 tamen
560 1575 745 1615 liberius·
763 1576 930 1614 statuas.
993 1573 1182 1615 Ceterum
1210 1575 1278 1615 vel
1307 1575 1450 1615 harum
1487 1574 1644 1628 adposi-

150 1643 303 1684 tionum
328 1642 508 1685 maxima
533 1656 628 1699 pars
659 1643 702 1684 in
728 1643 893 1685 canticis
920 1642 1083 1696 legitur.

113 1791 121 1797 -
247 1766 282 1812 1)
305 1766 467 1803 Fuerunt
489 1767 552 1813 qui
575 1767 671 1803 recte
695 1766 801 1803 huius
824 1766 878 1802 rei
903 1776 1048 1801 causam
1075 1776 1117 1801 ex
1151 1776 1260 1811 opera
1290 1766 1513 1811 repeterent,
1534 1776 1643 1812 quam

150 1824 290 1860 iuvenis
314 1824 536 1871 aliquamdiu
558 1825 769 1862 collocasset
789 1825 829 1860 in
853 1824 995 1870 pictura
1020 1823 1214 1860 secundum
1237 1821 1429 1870 biographi
1451 1823 1488 1859 ot
1512 1822 1644 1860 Suidse

151 1882 367 1919 testimonia.
