<?xml version="1.0" encoding="UTF-8"?>
<!DOCTYPE html PUBLIC "-//W3C//DTD XHTML 1.0 Transitional//EN"
    "http://www.w3.org/TR/xhtml1/DTD/xhtml1-transitional.dtd">
<html xmlns="http://www.w3.org/1999/xhtml" xml:lang="en" lang="en">
 <head>
  <title>
</title>
<meta http-equiv="Content-Type" content="text/html;charset=utf-8" />
  <meta name='ocr-system' content='tesseract 3.04.00' />
  <meta name='ocr-capabilities' content='ocr_page ocr_carea ocr_par ocr_line ocrx_word'/>
</head>
<body>
  <div class='ocr_page' id='page_1' title='image "4738124_0088.png"; bbox 0 0 1857 3133; ppageno 0'>
   <div class='ocr_carea' id='block_1_1' title="bbox 171 126 293 165">
    <p class='ocr_par' dir='ltr' id='par_1_1' title="bbox 171 126 293 165">
     <span class='ocr_line' id='line_1_1' title="bbox 171 126 293 165; baseline 0 0"><span class='ocrx_word' id='word_1_1' title='bbox 171 126 293 165; x_wconf 59' lang='grc' dir='ltr'><strong>Γ80</strong></span> 
     </span>
    </p>
   </div>
   <div class='ocr_carea' id='block_1_2' title="bbox 227 239 1782 422">
    <p class='ocr_par' dir='ltr' id='par_1_2' title="bbox 227 239 1782 422">
     <span class='ocr_line' id='line_1_2' title="bbox 231 239 1782 298; baseline 0.003 -17"><span class='ocrx_word' id='word_1_2' title='bbox 231 239 386 292; x_wconf 73' lang='lat' dir='ltr'><strong>inveni,</strong></span> <span class='ocrx_word' id='word_1_3' title='bbox 416 241 617 288; x_wconf 76' lang='lat' dir='ltr'><strong>adiectiva</strong></span> <span class='ocrx_word' id='word_1_4' title='bbox 642 241 835 283; x_wconf 85' lang='lat' dir='ltr'><strong>nonnulla</strong></span> <span class='ocrx_word' id='word_1_5' title='bbox 865 243 940 284; x_wconf 86' lang='lat' dir='ltr'><strong>sed</strong></span> <span class='ocrx_word' id='word_1_6' title='bbox 970 244 1056 285; x_wconf 83' lang='lat' dir='ltr'><strong>fere</strong></span> <span class='ocrx_word' id='word_1_7' title='bbox 1086 255 1136 285; x_wconf 82' lang='lat' dir='ltr'><strong>ea</strong></span> <span class='ocrx_word' id='word_1_8' title='bbox 1160 246 1349 295; x_wconf 79' lang='lat' dir='ltr'><strong>tantum,</strong></span> <span class='ocrx_word' id='word_1_9' title='bbox 1370 245 1412 285; x_wconf 86' lang='lat' dir='ltr'><strong>in</strong></span> <span class='ocrx_word' id='word_1_10' title='bbox 1439 245 1586 298; x_wconf 87' lang='lat' dir='ltr'><strong>quibus</strong></span> <span class='ocrx_word' id='word_1_11' title='bbox 1603 243 1782 286; x_wconf 54' lang='lat' dir='ltr'><strong>Euri-1</strong></span> 
     </span>
     <span class='ocr_line' id='line_1_3' title="bbox 228 291 1722 377; baseline 0.005 -26"><span class='ocrx_word' id='word_1_12' title='bbox 228 309 360 374; x_wconf 84' lang='lat' dir='ltr'><strong>pides</strong></span> <span class='ocrx_word' id='word_1_13' title='bbox 387 291 492 359; x_wconf 81' lang='lat' dir='ltr'><strong>hanc</strong></span> <span class='ocrx_word' id='word_1_14' title='bbox 526 310 824 367; x_wconf 73' lang='lat' dir='ltr'><strong>compositionis</strong></span> <span class='ocrx_word' id='word_1_15' title='bbox 862 312 972 377; x_wconf 83' lang='lat' dir='ltr'><strong>viam</strong></span> <span class='ocrx_word' id='word_1_16' title='bbox 1023 316 1359 371; x_wconf 77' lang='lat' dir='ltr'><strong>praeoccupatam</strong></span> <span class='ocrx_word' id='word_1_17' title='bbox 1401 316 1497 357; x_wconf 86' lang='lat' dir='ltr'><strong>esse</strong></span> <span class='ocrx_word' id='word_1_18' title='bbox 1545 314 1722 362; x_wconf 78' lang='lat' dir='ltr'><strong>animad-</strong></span> 
     </span>
     <span class='ocr_line' id='line_1_4' title="bbox 227 380 1419 422; baseline 0.008 -3"><span class='ocrx_word' id='word_1_19' title='bbox 227 380 431 422; x_wconf 83' lang='lat' dir='ltr'><strong>vertisset.</strong></span> <span class='ocrx_word' id='word_1_20' title='bbox 1417 407 1419 411; x_wconf 95' lang='lat'>·</span> 
     </span>
    </p>
   </div>
   <div class='ocr_carea' id='block_1_3' title="bbox 506 482 1443 547">
    <p class='ocr_par' dir='ltr' id='par_1_3' title="bbox 506 482 1443 547">
     <span class='ocr_line' id='line_1_5' title="bbox 506 482 1443 547; baseline 0.009 -18.043"><span class='ocrx_word' id='word_1_21' title='bbox 506 500 541 530; x_wconf 91' lang='lat'><strong>1.</strong></span> <span class='ocrx_word' id='word_1_22' title='bbox 578 498 820 533; x_wconf 79' lang='lat' dir='ltr'><strong>Membrum</strong></span> <span class='ocrx_word' id='word_1_23' title='bbox 854 482 1016 547; x_wconf 77' lang='lat' dir='ltr'><strong>regens</strong></span> <span class='ocrx_word' id='word_1_24' title='bbox 1051 502 1227 537; x_wconf 84' lang='lat' dir='ltr'><strong>adiecti</strong></span> <span class='ocrx_word' id='word_1_25' title='bbox 1236 504 1331 536; x_wconf 79' lang='lat' dir='ltr'><strong>vum</strong></span> <span class='ocrx_word' id='word_1_26' title='bbox 1364 505 1443 538; x_wconf 60' lang='lat' dir='ltr'><strong>ests</strong></span> 
     </span>
    </p>
   </div>
   <div class='ocr_carea' id='block_1_4' title="bbox 207 547 1777 1822">
    <p class='ocr_par' dir='ltr' id='par_1_4' title="bbox 207 547 1777 1822">
     <span class='ocr_line' id='line_1_6' title="bbox 341 547 1718 646; baseline 0.002 -20"><span class='ocrx_word' id='word_1_27' title='bbox 341 585 408 627; x_wconf 87' lang='lat' dir='ltr'><strong>Ab</strong></span> <span class='ocrx_word' id='word_1_28' title='bbox 436 564 643 642; x_wconf 83' lang='lat' dir='ltr'><strong>Aeschylo</strong></span> <span class='ocrx_word' id='word_1_29' title='bbox 668 591 810 643; x_wconf 88' lang='lat' dir='ltr'><strong>aperte</strong></span> <span class='ocrx_word' id='word_1_30' title='bbox 836 591 1042 630; x_wconf 84' lang='lat' dir='ltr'><strong>mutuatus</strong></span> <span class='ocrx_word' id='word_1_31' title='bbox 1071 592 1136 631; x_wconf 88' lang='lat' dir='ltr'><strong>est</strong></span> <span class='ocrx_word' id='word_1_32' title='bbox 1164 593 1287 645; x_wconf 82' lang='lat' dir='ltr'><strong>poeta</strong></span> <span class='ocrx_word' id='word_1_33' title='bbox 1314 584 1571 646; x_wconf 75' lang='grc' dir='ltr'><strong><em>ἐχθρόξενος</em></strong></span> <span class='ocrx_word' id='word_1_34' title='bbox 1586 547 1718 630; x_wconf 72' lang='lat' dir='ltr'><strong>Proin.</strong></span> 
     </span>
     <span class='ocr_line' id='line_1_7' title="bbox 228 647 1720 714; baseline 0.003 -18"><span class='ocrx_word' id='word_1_35' title='bbox 228 657 332 707; x_wconf 89' lang='grc'><strong>726,</strong></span> <span class='ocrx_word' id='word_1_36' title='bbox 362 655 460 697; x_wconf 87' lang='lat' dir='ltr'><strong>Eur.</strong></span> <span class='ocrx_word' id='word_1_37' title='bbox 489 656 577 699; x_wconf 85' lang='lat' dir='ltr'><strong>Alc.</strong></span> <span class='ocrx_word' id='word_1_38' title='bbox 601 660 706 711; x_wconf 83' lang='lat'><strong>558,</strong></span> <span class='ocrx_word' id='word_1_39' title='bbox 739 673 861 714; x_wconf 89' lang='lat' dir='ltr'><strong>quum</strong></span> <span class='ocrx_word' id='word_1_40' title='bbox 886 658 930 700; x_wconf 88' lang='lat' dir='ltr'><strong>in</strong></span> <span class='ocrx_word' id='word_1_41' title='bbox 953 647 1157 701; x_wconf 80' lang='lat' dir='ltr'><strong>nonnullis</strong></span> <span class='ocrx_word' id='word_1_42' title='bbox 1177 661 1399 703; x_wconf 81' lang='lat' dir='ltr'><strong>codicibus</strong></span> <span class='ocrx_word' id='word_1_43' title='bbox 1411 660 1465 702; x_wconf 86' lang='lat' dir='ltr'><strong>sit</strong></span> <span class='ocrx_word' id='word_1_44' title='bbox 1490 655 1720 711; x_wconf 60' lang='lat' dir='ltr'><strong>megerae</strong></span> 
     </span>
     <span class='ocr_line' id='line_1_8' title="bbox 222 728 1718 785; baseline 0.002 -19"><span class='ocrx_word' id='word_1_45' title='bbox 222 731 433 781; x_wconf 88' lang='lat' dir='ltr'><strong>receptum</strong></span> <span class='ocrx_word' id='word_1_46' title='bbox 460 740 485 768; x_wconf 87' lang='lat' dir='ltr'><strong>a</strong></span> <span class='ocrx_word' id='word_1_47' title='bbox 515 728 745 769; x_wconf 85' lang='lat' dir='ltr'><strong>novissimis</strong></span> <span class='ocrx_word' id='word_1_48' title='bbox 779 728 1000 770; x_wconf 78' lang='lat' dir='ltr'><strong>editoribus</strong></span> <span class='ocrx_word' id='word_1_49' title='bbox 1037 731 1081 770; x_wconf 85' lang='lat' dir='ltr'><strong>et</strong></span> <span class='ocrx_word' id='word_1_50' title='bbox 1117 730 1260 771; x_wconf 88' lang='lat' dir='ltr'><strong>eodem</strong></span> <span class='ocrx_word' id='word_1_51' title='bbox 1297 729 1415 772; x_wconf 88' lang='lat' dir='ltr'><strong>modo</strong></span> <span class='ocrx_word' id='word_1_52' title='bbox 1449 730 1718 785; x_wconf 78' lang='lat' dir='ltr'><strong>interpretan-</strong></span> 
     </span>
     <span class='ocr_line' id='line_1_9' title="bbox 223 791 1716 856; baseline 0 -20"><span class='ocrx_word' id='word_1_53' title='bbox 223 795 341 848; x_wconf 91' lang='lat' dir='ltr'><strong>dum,</strong></span> <span class='ocrx_word' id='word_1_54' title='bbox 388 809 511 850; x_wconf 89' lang='lat' dir='ltr'><strong>quum</strong></span> <span class='ocrx_word' id='word_1_55' title='bbox 544 799 688 838; x_wconf 85' lang='lat' dir='ltr'><strong>contra</strong></span> <span class='ocrx_word' id='word_1_56' title='bbox 725 797 1004 851; x_wconf 78' lang='lat' dir='ltr'><strong>possessivum</strong></span> <span class='ocrx_word' id='word_1_57' title='bbox 1047 798 1103 840; x_wconf 89' lang='lat' dir='ltr'><strong>sit</strong></span> <span class='ocrx_word' id='word_1_58' title='bbox 1140 798 1259 856; x_wconf 85' lang='lat' dir='ltr'><strong>Hom.</strong></span> <span class='ocrx_word' id='word_1_59' title='bbox 1292 791 1445 853; x_wconf 18' lang='lat' dir='ltr'><strong>odyss..</strong></span> <span class='ocrx_word' id='word_1_60' title='bbox 1473 797 1582 848; x_wconf 88' lang='lat' dir='ltr'><strong>XX,</strong></span> <span class='ocrx_word' id='word_1_61' title='bbox 1620 798 1716 838; x_wconf 81' lang='lat'><strong>376.</strong></span> 
     </span>
     <span class='ocr_line' id='line_1_10' title="bbox 220 858 1717 924; baseline 0.001 -19"><span class='ocrx_word' id='word_1_62' title='bbox 220 864 427 919; x_wconf 87' lang='lat' dir='ltr'><strong>Euripidis</strong></span> <span class='ocrx_word' id='word_1_63' title='bbox 458 869 555 907; x_wconf 89' lang='lat' dir='ltr'><strong>sunt</strong></span> <span class='ocrx_word' id='word_1_64' title='bbox 579 859 859 922; x_wconf 73' lang='grc' dir='ltr'><strong><em>ἰσάδελφος*</em></strong></span> <span class='ocrx_word' id='word_1_65' title='bbox 886 858 989 924; x_wconf 80' lang='grc' dir='ltr'><strong>ἆνήρ</strong></span> <span class='ocrx_word' id='word_1_66' title='bbox 1017 866 1151 920; x_wconf 74' lang='lat' dir='ltr'><strong>Orcst.</strong></span> <span class='ocrx_word' id='word_1_67' title='bbox 1171 869 1283 909; x_wconf 87' lang='grc'><strong>1015</strong></span> <span class='ocrx_word' id='word_1_68' title='bbox 1314 880 1377 909; x_wconf 85' lang='lat' dir='ltr'><strong>an.</strong></span> <span class='ocrx_word' id='word_1_69' title='bbox 1391 865 1548 921; x_wconf 59' lang='lat' dir='ltr'><strong>fratr-125*</strong></span> <span class='ocrx_word' id='word_1_70' title='bbox 1574 867 1717 917; x_wconf 59' lang='lat' dir='ltr'><strong>entur,</strong></span> 
     </span>
     <span class='ocr_line' id='line_1_11' title="bbox 219 928 1717 993; baseline 0 -19"><span class='ocrx_word' id='word_1_71' title='bbox 219 928 415 982; x_wconf 81' lang='grc' dir='ltr'><strong><em>ἷσόνεκυς</em></strong></span> <span class='ocrx_word' id='word_1_72' title='bbox 434 934 458 960; x_wconf 81' lang='grc'><em>*</em></span> <span class='ocrx_word' id='word_1_73' title='bbox 486 933 620 975; x_wconf 86' lang='lat' dir='ltr'><strong>Orest.</strong></span> <span class='ocrx_word' id='word_1_74' title='bbox 649 938 742 976; x_wconf 83' lang='lat'><strong>200</strong></span> <span class='ocrx_word' id='word_1_75' title='bbox 767 949 800 976; x_wconf 92' lang='lat' dir='ltr'><strong>c.</strong></span> <span class='ocrx_word' id='word_1_76' title='bbox 813 967 825 986; x_wconf 95' lang='lat'><em>‚</em></span> <span class='ocrx_word' id='word_1_77' title='bbox 854 936 962 993; x_wconf 86' lang='lat' dir='ltr'><strong>quod</strong></span> <span class='ocrx_word' id='word_1_78' title='bbox 992 936 1035 976; x_wconf 91' lang='lat' dir='ltr'><strong>in</strong></span> <span class='ocrx_word' id='word_1_79' title='bbox 1063 937 1205 978; x_wconf 84' lang='lat' dir='ltr'><strong>lexicis</strong></span> <span class='ocrx_word' id='word_1_80' title='bbox 1229 940 1374 991; x_wconf 86' lang='lat' dir='ltr'><strong>parum</strong></span> <span class='ocrx_word' id='word_1_81' title='bbox 1401 939 1512 977; x_wconf 84' lang='lat' dir='ltr'><strong>recte</strong></span> <span class='ocrx_word' id='word_1_82' title='bbox 1539 934 1717 976; x_wconf 80' lang='lat' dir='ltr'><strong>vertitur</strong></span> 
     </span>
     <span class='ocr_line' id='line_1_12' title="bbox 210 998 1716 1062; baseline 0.001 -17"><span class='ocrx_word' id='word_1_83' title='bbox 210 1005 314 1059; x_wconf 78' lang='lat' dir='ltr'><strong>pari</strong></span> <span class='ocrx_word' id='word_1_84' title='bbox 327 1002 422 1056; x_wconf 73' lang='lat' dir='ltr'><strong>fato</strong></span> <span class='ocrx_word' id='word_1_85' title='bbox 435 1025 437 1027; x_wconf 97' lang='lat'>·</span> <span class='ocrx_word' id='word_1_86' title='bbox 451 1003 682 1058; x_wconf 60' lang='lat' dir='ltr'><strong>defunctus,</strong></span> <span class='ocrx_word' id='word_1_87' title='bbox 723 1007 789 1046; x_wconf 87' lang='lat' dir='ltr'><strong>est</strong></span> <span class='ocrx_word' id='word_1_88' title='bbox 818 1006 925 1046; x_wconf 89' lang='lat' dir='ltr'><strong>enim</strong></span> <span class='ocrx_word' id='word_1_89' title='bbox 961 1007 1114 1048; x_wconf 78' lang='lat' dir='ltr'><strong>mortui</strong></span> <span class='ocrx_word' id='word_1_90' title='bbox 1145 1008 1295 1057; x_wconf 72' lang='lat' dir='ltr'><strong>instar,</strong></span> <span class='ocrx_word' id='word_1_91' title='bbox 1325 1019 1427 1062; x_wconf 80' lang='lat' dir='ltr'><strong>par,</strong></span> <span class='ocrx_word' id='word_1_92' title='bbox 1469 998 1673 1058; x_wconf 80' lang='grc' dir='ltr'><strong><em>ἶσάνεμος</em></strong></span> <span class='ocrx_word' id='word_1_93' title='bbox 1691 1004 1716 1030; x_wconf 83' lang='grc'>*</span> 
     </span>
     <span class='ocr_line' id='line_1_13' title="bbox 207 1065 1713 1131; baseline 0.001 -18"><span class='ocrx_word' id='word_1_94' title='bbox 207 1065 400 1124; x_wconf 73' lang='grc' dir='ltr'>Ἀχιλεύς</span> <span class='ocrx_word' id='word_1_95' title='bbox 426 1072 515 1127; x_wconf 89' lang='lat' dir='ltr'><strong>Iph.</strong></span> <span class='ocrx_word' id='word_1_96' title='bbox 546 1073 597 1114; x_wconf 89' lang='lat' dir='ltr'><strong>A.</strong></span> <span class='ocrx_word' id='word_1_97' title='bbox 620 1076 704 1115; x_wconf 85' lang='grc'><strong>206</strong></span> <span class='ocrx_word' id='word_1_98' title='bbox 737 1087 769 1115; x_wconf 91' lang='lat' dir='ltr'><strong>c.</strong></span> <span class='ocrx_word' id='word_1_99' title='bbox 791 1088 876 1129; x_wconf 82' lang='lat' dir='ltr'><strong>par</strong></span> <span class='ocrx_word' id='word_1_100' title='bbox 900 1078 1012 1116; x_wconf 81' lang='lat' dir='ltr'><strong>vento</strong></span> <span class='ocrx_word' id='word_1_101' title='bbox 1040 1066 1263 1126; x_wconf 59' lang='lat' dir='ltr'><strong>velocitate,</strong></span> <span class='ocrx_word' id='word_1_102' title='bbox 1291 1070 1553 1131; x_wconf 76' lang='grc' dir='ltr'>ἅξιόθρηνος</span> <span class='ocrx_word' id='word_1_103' title='bbox 1570 1072 1598 1097; x_wconf 72' lang='lat'><strong>⁴*</strong></span> <span class='ocrx_word' id='word_1_104' title='bbox 1624 1072 1713 1113; x_wconf 81' lang='lat' dir='ltr'><strong>Alc.</strong></span> 
     </span>
     <span class='ocr_line' id='line_1_14' title="bbox 219 1136 1712 1200; baseline 0.001 -17"><span class='ocrx_word' id='word_1_105' title='bbox 219 1144 304 1183; x_wconf 87' lang='lat'><strong>904</strong></span> <span class='ocrx_word' id='word_1_106' title='bbox 324 1155 356 1183; x_wconf 92' lang='lat' dir='ltr'><strong>c.</strong></span> <span class='ocrx_word' id='word_1_107' title='bbox 383 1144 427 1183; x_wconf 91' lang='lat' dir='ltr'><strong>et</strong></span> <span class='ocrx_word' id='word_1_108' title='bbox 455 1137 763 1200; x_wconf 79' lang='grc' dir='ltr'>ἀξιοπενθής*</span> <span class='ocrx_word' id='word_1_109' title='bbox 790 1143 953 1198; x_wconf 85' lang='lat' dir='ltr'><strong>Hippol.</strong></span> <span class='ocrx_word' id='word_1_110' title='bbox 972 1146 1088 1185; x_wconf 84' lang='lat'>1466</span> <span class='ocrx_word' id='word_1_111' title='bbox 1110 1156 1171 1185; x_wconf 84' lang='lat' dir='ltr'><strong>an.</strong></span> <span class='ocrx_word' id='word_1_112' title='bbox 1202 1144 1314 1186; x_wconf 77' lang='lat' dir='ltr'><strong>luctu</strong></span> <span class='ocrx_word' id='word_1_113' title='bbox 1340 1142 1551 1198; x_wconf 73' lang='lat' dir='ltr'><strong>diynu8,¹)</strong></span> <span class='ocrx_word' id='word_1_114' title='bbox 1579 1136 1712 1185; x_wconf 67' lang='lat' dir='ltr'><strong>‹iaec-—</strong></span> 
     </span>
     <span class='ocr_line' id='line_1_15' title="bbox 215 1206 1777 1272; baseline 0.001 -19"><span class='ocrx_word' id='word_1_115' title='bbox 215 1208 424 1267; x_wconf 59' lang='lat' dir='ltr'><strong>qo&#39;dqoooa.</strong></span> <span class='ocrx_word' id='word_1_116' title='bbox 440 1213 464 1237; x_wconf 81' lang='lat'><strong>’¹‘</strong></span> <span class='ocrx_word' id='word_1_117' title='bbox 493 1209 616 1269; x_wconf 75' lang='grc' dir='ltr'>ἕδραι</span> <span class='ocrx_word' id='word_1_118' title='bbox 632 1206 901 1267; x_wconf 75' lang='grc' dir='ltr'><strong><em>Ἀμμωνίδες</em></strong></span> <span class='ocrx_word' id='word_1_119' title='bbox 928 1213 992 1254; x_wconf 87' lang='grc' dir='ltr'><strong>ΕΙ.</strong></span> <span class='ocrx_word' id='word_1_120' title='bbox 1017 1215 1099 1256; x_wconf 83' lang='grc'><strong>735</strong></span> <span class='ocrx_word' id='word_1_121' title='bbox 1121 1227 1153 1255; x_wconf 91' lang='lat' dir='ltr'><strong>c.</strong></span> <span class='ocrx_word' id='word_1_122' title='bbox 1185 1227 1240 1255; x_wconf 84' lang='lat' dir='ltr'><strong>ex</strong></span> <span class='ocrx_word' id='word_1_123' title='bbox 1257 1213 1482 1256; x_wconf 64' lang='lat' dir='ltr'><strong>Hei-manni</strong></span> <span class='ocrx_word' id='word_1_124' title='bbox 1506 1215 1550 1254; x_wconf 90' lang='lat' dir='ltr'><strong>et</strong></span> <span class='ocrx_word' id='word_1_125' title='bbox 1577 1211 1712 1271; x_wconf 79' lang='lat' dir='ltr'><strong>Bothii</strong></span> <span class='ocrx_word' id='word_1_126' title='bbox 1773 1266 1777 1272; x_wconf 31' lang='grc' dir='ltr'><strong><em>Ι</em></strong></span> 
     </span>
     <span class='ocr_line' id='line_1_16' title="bbox 214 1276 1710 1339; baseline 0.001 -16"><span class='ocrx_word' id='word_1_127' title='bbox 214 1282 496 1324; x_wconf 81' lang='lat' dir='ltr'><strong>emendatione</strong></span> <span class='ocrx_word' id='word_1_128' title='bbox 509 1315 521 1334; x_wconf 92' lang='lat'>‚</span> <span class='ocrx_word' id='word_1_129' title='bbox 553 1279 802 1337; x_wconf 73' lang='lat' dir='ltr'><strong>(Aeschylus</strong></span> <span class='ocrx_word' id='word_1_130' title='bbox 825 1284 951 1325; x_wconf 81' lang='lat' dir='ltr'><strong>finxit</strong></span> <span class='ocrx_word' id='word_1_131' title='bbox 976 1276 1315 1339; x_wconf 76' lang='grc' dir='ltr'>ἅπειρόδακρυς,</span> <span class='ocrx_word' id='word_1_132' title='bbox 1352 1298 1443 1326; x_wconf 91' lang='lat' dir='ltr'><strong>cum</strong></span> <span class='ocrx_word' id='word_1_133' title='bbox 1473 1282 1710 1337; x_wconf 77' lang='lat' dir='ltr'><strong>Thucydide</strong></span> 
     </span>
     <span class='ocr_line' id='line_1_17' title="bbox 215 1347 1709 1408; baseline 0.001 -18"><span class='ocrx_word' id='word_1_134' title='bbox 215 1363 426 1391; x_wconf 89' lang='lat' dir='ltr'><strong>commune</strong></span> <span class='ocrx_word' id='word_1_135' title='bbox 468 1353 592 1392; x_wconf 87' lang='lat' dir='ltr'><strong>habet</strong></span> <span class='ocrx_word' id='word_1_136' title='bbox 628 1351 848 1406; x_wconf 85' lang='lat' dir='ltr'><strong>Euripides</strong></span> <span class='ocrx_word' id='word_1_137' title='bbox 888 1347 1217 1408; x_wconf 80' lang='grc' dir='ltr'>ἆπειρόκακος),</span> <span class='ocrx_word' id='word_1_138' title='bbox 1258 1353 1332 1393; x_wconf 91' lang='lat' dir='ltr'><strong>sed</strong></span> <span class='ocrx_word' id='word_1_139' title='bbox 1360 1353 1483 1407; x_wconf 84' lang='lat' dir='ltr'><strong>paulo</strong></span> <span class='ocrx_word' id='word_1_140' title='bbox 1514 1352 1709 1393; x_wconf 87' lang='lat' dir='ltr'><strong>audacius</strong></span> 
     </span>
     <span class='ocr_line' id='line_1_18' title="bbox 209 1417 1709 1478; baseline 0.001 -17"><span class='ocrx_word' id='word_1_141' title='bbox 209 1417 466 1476; x_wconf 75' lang='grc' dir='ltr'><em>μονομήτωρ</em></span> <span class='ocrx_word' id='word_1_142' title='bbox 487 1421 511 1447; x_wconf 86' lang='grc'><strong>*</strong></span> <span class='ocrx_word' id='word_1_143' title='bbox 541 1421 689 1463; x_wconf 86' lang='lat' dir='ltr'><strong>Phoen.</strong></span> <span class='ocrx_word' id='word_1_144' title='bbox 719 1425 832 1464; x_wconf 86' lang='lat'>1517</span> <span class='ocrx_word' id='word_1_145' title='bbox 865 1437 897 1464; x_wconf 88' lang='lat' dir='ltr'><strong>c.</strong></span> <span class='ocrx_word' id='word_1_146' title='bbox 926 1422 950 1464; x_wconf 91' lang='grc'><strong>1.</strong></span> <span class='ocrx_word' id='word_1_147' title='bbox 980 1438 1016 1476; x_wconf 92' lang='lat' dir='ltr'><strong>q.</strong></span> <span class='ocrx_word' id='word_1_148' title='bbox 1053 1419 1164 1478; x_wconf 78' lang='grc' dir='ltr'>μόνη</span> <span class='ocrx_word' id='word_1_149' title='bbox 1193 1419 1353 1478; x_wconf 71' lang='grc' dir='ltr'><strong>μητρός</strong></span> <span class='ocrx_word' id='word_1_150' title='bbox 1387 1424 1515 1464; x_wconf 76' lang='lat' dir='ltr'><strong>matre</strong></span> <span class='ocrx_word' id='word_1_151' title='bbox 1544 1424 1709 1476; x_wconf 73' lang='lat' dir='ltr'><strong>privata</strong></span> 
     </span>
     <span class='ocr_line' id='line_1_19' title="bbox 212 1489 1706 1546; baseline 0.001 -17"><span class='ocrx_word' id='word_1_152' title='bbox 212 1490 280 1541; x_wconf 93' lang='lat' dir='ltr'><strong>(de</strong></span> <span class='ocrx_word' id='word_1_153' title='bbox 300 1489 547 1542; x_wconf 83' lang='lat' dir='ltr'><strong>Antigona),</strong></span> <span class='ocrx_word' id='word_1_154' title='bbox 568 1504 692 1544; x_wconf 91' lang='lat' dir='ltr'><strong>quum</strong></span> <span class='ocrx_word' id='word_1_155' title='bbox 711 1490 946 1546; x_wconf 85' lang='lat' dir='ltr'><strong>Hesychius</strong></span> <span class='ocrx_word' id='word_1_156' title='bbox 967 1491 1130 1532; x_wconf 84' lang='lat' dir='ltr'><strong>aliunde</strong></span> <span class='ocrx_word' id='word_1_157' title='bbox 1151 1494 1328 1532; x_wconf 81' lang='lat' dir='ltr'><strong>sumtum</strong></span> <span class='ocrx_word' id='word_1_158' title='bbox 1349 1504 1404 1534; x_wconf 83' lang='lat' dir='ltr'><strong>ex</strong></span> <span class='ocrx_word' id='word_1_159' title='bbox 1423 1490 1477 1534; x_wconf 88' lang='lat' dir='ltr'><strong>M.</strong></span> <span class='ocrx_word' id='word_1_160' title='bbox 1489 1489 1706 1540; x_wconf 52' lang='lat' dir='ltr'><strong>³Schmidtii</strong></span> 
     </span>
     <span class='ocr_line' id='line_1_20' title="bbox 211 1552 1706 1623; baseline 0.001 -23"><span class='ocrx_word' id='word_1_161' title='bbox 211 1560 443 1602; x_wconf 84' lang='lat' dir='ltr'><strong>coniectura</strong></span> <span class='ocrx_word' id='word_1_162' title='bbox 472 1561 669 1615; x_wconf 82' lang='lat' dir='ltr'><strong>explicet:</strong></span> <span class='ocrx_word' id='word_1_163' title='bbox 700 1555 1029 1623; x_wconf 60' lang='lat' dir='ltr'><strong>cpaovwoptr&#39;ngw</strong></span> <span class='ocrx_word' id='word_1_164' title='bbox 1058 1552 1085 1618; x_wconf 82' lang='grc' dir='ltr'><strong><em>ᾗ</em></strong></span> <span class='ocrx_word' id='word_1_165' title='bbox 1111 1556 1197 1603; x_wconf 59' lang='grc' dir='ltr'>τῶι)</span> <span class='ocrx_word' id='word_1_166' title='bbox 1223 1553 1420 1617; x_wconf 73' lang='grc' dir='ltr'><em>ἀδελφῶν</em></span> <span class='ocrx_word' id='word_1_167' title='bbox 1439 1556 1548 1617; x_wconf 80' lang='grc' dir='ltr'>μόνῃ</span> <span class='ocrx_word' id='word_1_168' title='bbox 1567 1556 1706 1619; x_wconf 83' lang='grc' dir='ltr'><strong><em>μήτηρ</em></strong></span> 
     </span>
     <span class='ocr_line' id='line_1_21' title="bbox 208 1625 1706 1686; baseline 0.001 -15"><span class='ocrx_word' id='word_1_169' title='bbox 208 1625 387 1686; x_wconf 76' lang='grc' dir='ltr'>ὑπάρχει</span> <span class='ocrx_word' id='word_1_170' title='bbox 400 1662 411 1680; x_wconf 93' lang='grc'><em>,</em></span> <span class='ocrx_word' id='word_1_171' title='bbox 441 1644 547 1683; x_wconf 85' lang='lat' dir='ltr'><strong>quae</strong></span> <span class='ocrx_word' id='word_1_172' title='bbox 587 1631 803 1685; x_wconf 78' lang='lat' dir='ltr'><strong>explicatio</strong></span> <span class='ocrx_word' id='word_1_173' title='bbox 833 1645 913 1672; x_wconf 91' lang='lat' dir='ltr'><strong>non</strong></span> <span class='ocrx_word' id='word_1_174' title='bbox 944 1632 1053 1672; x_wconf 84' lang='lat' dir='ltr'><strong>cadit</strong></span> <span class='ocrx_word' id='word_1_175' title='bbox 1093 1632 1136 1672; x_wconf 93' lang='lat' dir='ltr'><strong>in</strong></span> <span class='ocrx_word' id='word_1_176' title='bbox 1172 1632 1304 1672; x_wconf 91' lang='lat' dir='ltr'><strong>locum</strong></span> <span class='ocrx_word' id='word_1_177' title='bbox 1330 1627 1606 1683; x_wconf 80' lang='lat' dir='ltr'><strong>Euripidis;²)</strong></span> <span class='ocrx_word' id='word_1_178' title='bbox 1635 1644 1706 1684; x_wconf 92' lang='lat' dir='ltr'><strong>po-</strong></span> 
     </span>
     <span class='ocr_line' id='line_1_22' title="bbox 210 1694 1704 1759; baseline 0.002 -19"><span class='ocrx_word' id='word_1_179' title='bbox 210 1702 360 1741; x_wconf 89' lang='lat' dir='ltr'><strong>stremo</strong></span> <span class='ocrx_word' id='word_1_180' title='bbox 390 1699 494 1742; x_wconf 90' lang='lat' dir='ltr'><strong>addo</strong></span> <span class='ocrx_word' id='word_1_181' title='bbox 532 1696 799 1758; x_wconf 79' lang='grc' dir='ltr'>ἐρημόπολις</span> <span class='ocrx_word' id='word_1_182' title='bbox 819 1700 843 1728; x_wconf 84' lang='grc'><em>*</em></span> <span class='ocrx_word' id='word_1_183' title='bbox 882 1694 1022 1759; x_wconf 79' lang='grc' dir='ltr'>μάτηρ</span> <span class='ocrx_word' id='word_1_184' title='bbox 1060 1700 1204 1749; x_wconf 83' lang='lat' dir='ltr'><strong>Troad.</strong></span> <span class='ocrx_word' id='word_1_185' title='bbox 1244 1702 1327 1743; x_wconf 82' lang='lat'><strong>603</strong></span> <span class='ocrx_word' id='word_1_186' title='bbox 1357 1714 1389 1742; x_wconf 90' lang='lat' dir='ltr'><strong>c.</strong></span> <span class='ocrx_word' id='word_1_187' title='bbox 1426 1700 1526 1743; x_wconf 80' lang='lat' dir='ltr'><strong>urbe</strong></span> <span class='ocrx_word' id='word_1_188' title='bbox 1554 1714 1704 1754; x_wconf 72' lang='lat' dir='ltr'><strong>carens,</strong></span> 
     </span>
     <span class='ocr_line' id='line_1_23' title="bbox 207 1769 1715 1822; baseline 0.001 -12"><span class='ocrx_word' id='word_1_189' title='bbox 207 1769 379 1811; x_wconf 86' lang='lat' dir='ltr'><strong>Seidleri</strong></span> <span class='ocrx_word' id='word_1_190' title='bbox 416 1772 760 1822; x_wconf 88' lang='lat' dir='ltr'><strong>emendationem,</strong></span> <span class='ocrx_word' id='word_1_191' title='bbox 798 1772 837 1813; x_wconf 92' lang='lat' dir='ltr'><strong>si</strong></span> <span class='ocrx_word' id='word_1_192' title='bbox 875 1784 976 1812; x_wconf 85' lang='lat' dir='ltr'><strong>vera</strong></span> <span class='ocrx_word' id='word_1_193' title='bbox 1012 1774 1077 1812; x_wconf 88' lang='lat' dir='ltr'><strong>est</strong></span> <span class='ocrx_word' id='word_1_194' title='bbox 1089 1788 1099 1821; x_wconf 79' lang='lat'><em>3</em></span> <span class='ocrx_word' id='word_1_195' title='bbox 1139 1784 1234 1812; x_wconf 82' lang='lat' dir='ltr'><strong>nam</strong></span> <span class='ocrx_word' id='word_1_196' title='bbox 1275 1771 1344 1811; x_wconf 84' lang='lat' dir='ltr'><strong>alii</strong></span> <span class='ocrx_word' id='word_1_197' title='bbox 1384 1770 1502 1811; x_wconf 85' lang='lat' dir='ltr'><strong>aliter</strong></span> <span class='ocrx_word' id='word_1_198' title='bbox 1540 1770 1592 1811; x_wconf 87' lang='lat' dir='ltr'><strong>de</strong></span> <span class='ocrx_word' id='word_1_199' title='bbox 1627 1771 1715 1811; x_wconf 58' lang='lat' dir='ltr'><strong>hocv</strong></span> 
     </span>
    </p>
   </div>
   <div class='ocr_carea' id='block_1_5' title="bbox 204 1838 563 1881">
    <p class='ocr_par' dir='ltr' id='par_1_5' title="bbox 204 1838 563 1881">
     <span class='ocr_line' id='line_1_24' title="bbox 204 1838 563 1881; baseline 0.003 -1"><span class='ocrx_word' id='word_1_200' title='bbox 204 1838 292 1881; x_wconf 89' lang='lat' dir='ltr'><strong>loco</strong></span> <span class='ocrx_word' id='word_1_201' title='bbox 321 1841 563 1881; x_wconf 87' lang='lat' dir='ltr'><strong>statuerunt.</strong></span> 
     </span>
    </p>
   </div>
   <div class='ocr_carea' id='block_1_6' title="bbox 537 1952 1371 2000">
    <p class='ocr_par' dir='ltr' id='par_1_6' title="bbox 537 1952 1371 2000">
     <span class='ocr_line' id='line_1_25' title="bbox 537 1952 1371 2000; baseline 0 -12"><span class='ocrx_word' id='word_1_202' title='bbox 537 1959 568 1988; x_wconf 81' lang='lat'><strong>2.</strong></span> <span class='ocrx_word' id='word_1_203' title='bbox 594 1955 839 1990; x_wconf 87' lang='lat' dir='ltr'><strong>Membrum</strong></span> <span class='ocrx_word' id='word_1_204' title='bbox 875 1952 1041 2000; x_wconf 80' lang='lat' dir='ltr'><strong>regen&#39;s</strong></span> <span class='ocrx_word' id='word_1_205' title='bbox 1074 1956 1259 1990; x_wconf 86' lang='lat' dir='ltr'><strong>verbum</strong></span> <span class='ocrx_word' id='word_1_206' title='bbox 1293 1957 1371 1989; x_wconf 87' lang='lat' dir='ltr'><strong>est.</strong></span> 
     </span>
    </p>
   </div>
   <div class='ocr_carea' id='block_1_7' title="bbox 195 2032 1696 2368">
    <p class='ocr_par' dir='ltr' id='par_1_7' title="bbox 195 2032 1696 2368">
     <span class='ocr_line' id='line_1_26' title="bbox 318 2032 1696 2091; baseline -0.003 -15"><span class='ocrx_word' id='word_1_207' title='bbox 318 2035 382 2076; x_wconf 90' lang='lat' dir='ltr'><strong>De</strong></span> <span class='ocrx_word' id='word_1_208' title='bbox 420 2036 565 2076; x_wconf 87' lang='lat' dir='ltr'><strong>horum</strong></span> <span class='ocrx_word' id='word_1_209' title='bbox 603 2036 840 2078; x_wconf 83' lang='lat' dir='ltr'><strong>formatione</strong></span> <span class='ocrx_word' id='word_1_210' title='bbox 877 2037 1039 2091; x_wconf 87' lang='lat' dir='ltr'><strong>copiose</strong></span> <span class='ocrx_word' id='word_1_211' title='bbox 1077 2036 1303 2089; x_wconf 84' lang='lat' dir='ltr'><strong>disputavit</strong></span> <span class='ocrx_word' id='word_1_212' title='bbox 1339 2033 1513 2075; x_wconf 87' lang='lat' dir='ltr'><strong>Lobeck.</strong></span> <span class='ocrx_word' id='word_1_213' title='bbox 1547 2032 1696 2086; x_wconf 88' lang='lat' dir='ltr'><strong>Phryn.</strong></span> 
     </span>
     <span class='ocr_line' id='line_1_27' title="bbox 199 2102 1696 2162; baseline -0.002 -17"><span class='ocrx_word' id='word_1_214' title='bbox 199 2118 237 2159; x_wconf 94' lang='lat' dir='ltr'><strong>p.</strong></span> <span class='ocrx_word' id='word_1_215' title='bbox 271 2107 353 2145; x_wconf 84' lang='grc'><strong>767</strong></span> <span class='ocrx_word' id='word_1_216' title='bbox 384 2118 512 2159; x_wconf 60' lang='lat' dir='ltr'><strong>seqq„</strong></span> <span class='ocrx_word' id='word_1_217' title='bbox 546 2105 724 2160; x_wconf 88' lang='lat' dir='ltr'><strong>itemque</strong></span> <span class='ocrx_word' id='word_1_218' title='bbox 752 2105 913 2160; x_wconf 91' lang='lat' dir='ltr'><strong>copiose</strong></span> <span class='ocrx_word' id='word_1_219' title='bbox 945 2105 1018 2146; x_wconf 90' lang='lat' dir='ltr'><strong>sed</strong></span> <span class='ocrx_word' id='word_1_220' title='bbox 1050 2105 1201 2145; x_wconf 85' lang='lat' dir='ltr'><strong>frustra</strong></span> <span class='ocrx_word' id='word_1_221' title='bbox 1229 2102 1464 2162; x_wconf 85' lang='lat' dir='ltr'><strong>possessiva</strong></span> <span class='ocrx_word' id='word_1_222' title='bbox 1483 2102 1583 2144; x_wconf 87' lang='lat' dir='ltr'><strong>haec</strong></span> <span class='ocrx_word' id='word_1_223' title='bbox 1602 2114 1696 2142; x_wconf 87' lang='lat' dir='ltr'><strong>esse</strong></span> 
     </span>
     <span class='ocr_line' id='line_1_28' title="bbox 197 2171 1694 2228; baseline -0.002 -12"><span class='ocrx_word' id='word_1_224' title='bbox 197 2176 426 2216; x_wconf 88' lang='lat' dir='ltr'><strong>monstrare</strong></span> <span class='ocrx_word' id='word_1_225' title='bbox 465 2174 624 2216; x_wconf 88' lang='lat' dir='ltr'><strong>studuit</strong></span> <span class='ocrx_word' id='word_1_226' title='bbox 652 2175 844 2217; x_wconf 81' lang='lat' dir='ltr'><strong>Diintzer.</strong></span> <span class='ocrx_word' id='word_1_227' title='bbox 880 2175 949 2216; x_wconf 88' lang='lat' dir='ltr'><strong>lat.</strong></span> <span class='ocrx_word' id='word_1_228' title='bbox 978 2173 1193 2217; x_wconf 84' lang='lat' dir='ltr'><strong>Wortbild.</strong></span> <span class='ocrx_word' id='word_1_229' title='bbox 1222 2188 1260 2214; x_wconf 89' lang='lat' dir='ltr'><strong>u.</strong></span> <span class='ocrx_word' id='word_1_230' title='bbox 1292 2171 1509 2227; x_wconf 79' lang='lat' dir='ltr'><strong>Composit.</strong></span> <span class='ocrx_word' id='word_1_231' title='bbox 1541 2186 1579 2226; x_wconf 89' lang='lat' dir='ltr'><strong>p.</strong></span> <span class='ocrx_word' id='word_1_232' title='bbox 1594 2174 1694 2228; x_wconf 77' lang='lat'><strong>,193</strong></span> 
     </span>
     <span class='ocr_line' id='line_1_29' title="bbox 198 2241 1695 2300; baseline -0.001 -16"><span class='ocrx_word' id='word_1_233' title='bbox 198 2258 282 2299; x_wconf 90' lang='lat' dir='ltr'><strong>sqq.</strong></span> <span class='ocrx_word' id='word_1_234' title='bbox 326 2243 528 2299; x_wconf 89' lang='lat' dir='ltr'><strong>Equidem</strong></span> <span class='ocrx_word' id='word_1_235' title='bbox 558 2244 658 2300; x_wconf 80' lang='lat' dir='ltr'><strong>satis</strong></span> <span class='ocrx_word' id='word_1_236' title='bbox 687 2246 815 2286; x_wconf 85' lang='lat' dir='ltr'><strong>habeo</strong></span> <span class='ocrx_word' id='word_1_237' title='bbox 848 2245 1054 2297; x_wconf 87' lang='lat' dir='ltr'><strong>attulisse,</strong></span> <span class='ocrx_word' id='word_1_238' title='bbox 1094 2256 1198 2299; x_wconf 87' lang='lat' dir='ltr'><strong>quae</strong></span> <span class='ocrx_word' id='word_1_239' title='bbox 1227 2257 1281 2298; x_wconf 86' lang='lat' dir='ltr'><strong>ex</strong></span> <span class='ocrx_word' id='word_1_240' title='bbox 1306 2241 1514 2297; x_wconf 88' lang='lat' dir='ltr'><strong>Euripidis</strong></span> <span class='ocrx_word' id='word_1_241' title='bbox 1543 2241 1695 2283; x_wconf 84' lang='lat' dir='ltr'><strong>fabrica</strong></span> 
     </span>
     <span class='ocr_line' id='line_1_30' title="bbox 195 2309 1694 2368; baseline -0.002 -14"><span class='ocrx_word' id='word_1_242' title='bbox 195 2314 375 2368; x_wconf 86' lang='lat' dir='ltr'><strong>profecta</strong></span> <span class='ocrx_word' id='word_1_243' title='bbox 406 2317 511 2367; x_wconf 85' lang='lat' dir='ltr'><strong>sunt.</strong></span> <span class='ocrx_word' id='word_1_244' title='bbox 570 2314 729 2356; x_wconf 86' lang='lat' dir='ltr'><strong>Ditavit</strong></span> <span class='ocrx_word' id='word_1_245' title='bbox 756 2329 854 2357; x_wconf 84' lang='lat' dir='ltr'><strong>vero</strong></span> <span class='ocrx_word' id='word_1_246' title='bbox 883 2315 1006 2356; x_wconf 89' lang='lat' dir='ltr'><strong>etiam</strong></span> <span class='ocrx_word' id='word_1_247' title='bbox 1038 2315 1074 2356; x_wconf 92' lang='lat' dir='ltr'><strong>is</strong></span> <span class='ocrx_word' id='word_1_248' title='bbox 1104 2313 1328 2355; x_wconf 85' lang='lat' dir='ltr'><strong>orationem</strong></span> <span class='ocrx_word' id='word_1_249' title='bbox 1349 2324 1465 2354; x_wconf 91' lang='lat' dir='ltr'><strong>suam</strong></span> <span class='ocrx_word' id='word_1_250' title='bbox 1497 2324 1551 2352; x_wconf 83' lang='lat' dir='ltr'><strong>ex</strong></span> <span class='ocrx_word' id='word_1_251' title='bbox 1580 2309 1694 2366; x_wconf 88' lang='lat' dir='ltr'><strong>poesi</strong></span> 
     </span>
    </p>
   </div>
   <div class='ocr_carea' id='block_1_8' title="bbox 195 2415 539 2430">
    <p class='ocr_par' dir='ltr' id='par_1_8' title="bbox 195 2415 539 2430">
     <span class='ocr_line' id='line_1_31' title="bbox 195 2415 539 2430; baseline 0 0"><span class='ocrx_word' id='word_1_252' title='bbox 195 2415 539 2430; x_wconf 95' lang='lat' dir='ltr'><strong> </strong></span> 
     </span>
    </p>
   </div>
   <div class='ocr_carea' id='block_1_9' title="bbox 189 2469 1690 2755">
    <p class='ocr_par' dir='ltr' id='par_1_9' title="bbox 189 2469 1690 2755">
     <span class='ocr_line' id='line_1_32' title="bbox 288 2469 1690 2521; baseline -0.004 -10"><span class='ocrx_word' id='word_1_253' title='bbox 288 2476 324 2520; x_wconf 94' lang='grc'><strong>1)</strong></span> <span class='ocrx_word' id='word_1_254' title='bbox 348 2476 404 2512; x_wconf 89' lang='lat' dir='ltr'><strong>De</strong></span> <span class='ocrx_word' id='word_1_255' title='bbox 429 2475 639 2521; x_wconf 88' lang='lat' dir='ltr'><strong>compositis</strong></span> <span class='ocrx_word' id='word_1_256' title='bbox 665 2487 706 2511; x_wconf 88' lang='lat' dir='ltr'><strong>ex</strong></span> <span class='ocrx_word' id='word_1_257' title='bbox 732 2475 833 2517; x_wconf 74' lang='grc' dir='ltr'>ἄξιος</span> <span class='ocrx_word' id='word_1_258' title='bbox 856 2475 930 2512; x_wconf 82' lang='lat' dir='ltr'><strong>vid.</strong></span> <span class='ocrx_word' id='word_1_259' title='bbox 947 2473 1126 2512; x_wconf 86' lang='lat' dir='ltr'><strong>Dindorfii</strong></span> <span class='ocrx_word' id='word_1_260' title='bbox 1142 2473 1314 2511; x_wconf 87' lang='lat' dir='ltr'><strong>iudicium</strong></span> <span class='ocrx_word' id='word_1_261' title='bbox 1334 2473 1374 2510; x_wconf 92' lang='lat' dir='ltr'><strong>in</strong></span> <span class='ocrx_word' id='word_1_262' title='bbox 1389 2472 1508 2510; x_wconf 85' lang='lat' dir='ltr'><strong>Praef.</strong></span> <span class='ocrx_word' id='word_1_263' title='bbox 1523 2469 1690 2517; x_wconf 81' lang='lat' dir='ltr'><strong>Aeschyl.</strong></span> 
     </span>
     <span class='ocr_line' id='line_1_33' title="bbox 191 2530 1689 2581; baseline -0.005 -11"><span class='ocrx_word' id='word_1_264' title='bbox 191 2547 225 2581; x_wconf 89' lang='lat' dir='ltr'><strong>p.</strong></span> <span class='ocrx_word' id='word_1_265' title='bbox 249 2534 398 2570; x_wconf 83' lang='lat' dir='ltr'><strong>LXVII.</strong></span> <span class='ocrx_word' id='word_1_266' title='bbox 518 2534 555 2578; x_wconf 84' lang='lat'><strong>2)</strong></span> <span class='ocrx_word' id='word_1_267' title='bbox 580 2533 748 2570; x_wconf 83' lang='lat' dir='ltr'><strong>Ceterum</strong></span> <span class='ocrx_word' id='word_1_268' title='bbox 774 2534 844 2570; x_wconf 78' lang='lat' dir='ltr'><strong>vid.</strong></span> <span class='ocrx_word' id='word_1_269' title='bbox 867 2543 960 2580; x_wconf 84' lang='lat' dir='ltr'><strong>quae</strong></span> <span class='ocrx_word' id='word_1_270' title='bbox 987 2533 1030 2569; x_wconf 88' lang='lat' dir='ltr'><strong>de</strong></span> <span class='ocrx_word' id='word_1_271' title='bbox 1055 2534 1190 2571; x_wconf 85' lang='lat' dir='ltr'><strong>Phocn.</strong></span> <span class='ocrx_word' id='word_1_272' title='bbox 1227 2533 1306 2569; x_wconf 85' lang='lat' dir='ltr'><strong>loco</strong></span> <span class='ocrx_word' id='word_1_273' title='bbox 1338 2531 1540 2578; x_wconf 84' lang='lat' dir='ltr'><strong>disputavit</strong></span> <span class='ocrx_word' id='word_1_274' title='bbox 1560 2530 1689 2574; x_wconf 88' lang='lat' dir='ltr'><strong>Hoppe</strong></span> 
     </span>
     <span class='ocr_line' id='line_1_34' title="bbox 190 2585 1689 2639; baseline -0.005 -11"><span class='ocrx_word' id='word_1_275' title='bbox 190 2593 229 2628; x_wconf 89' lang='lat' dir='ltr'><strong>in</strong></span> <span class='ocrx_word' id='word_1_276' title='bbox 251 2594 520 2639; x_wconf 77' lang='lat' dir='ltr'><strong>programmate</strong></span> <span class='ocrx_word' id='word_1_277' title='bbox 545 2590 772 2627; x_wconf 85' lang='lat' dir='ltr'><strong>Berolinensi</strong></span> <span class='ocrx_word' id='word_1_278' title='bbox 795 2602 827 2626; x_wconf 80' lang='lat' dir='ltr'><strong>a.</strong></span> <span class='ocrx_word' id='word_1_279' title='bbox 856 2585 948 2629; x_wconf 76' lang='lat'>1859</span> <span class='ocrx_word' id='word_1_280' title='bbox 974 2592 1036 2637; x_wconf 50' lang='lat' dir='ltr'><strong>‘de</strong></span> <span class='ocrx_word' id='word_1_281' title='bbox 1064 2590 1372 2637; x_wconf 81' lang='lat' dir='ltr'><strong>comparationum</strong></span> <span class='ocrx_word' id='word_1_282' title='bbox 1398 2591 1436 2624; x_wconf 89' lang='lat' dir='ltr'><strong>et</strong></span> <span class='ocrx_word' id='word_1_283' title='bbox 1460 2585 1689 2633; x_wconf 81' lang='lat' dir='ltr'><strong>metaphora-</strong></span> 
     </span>
     <span class='ocr_line' id='line_1_35' title="bbox 190 2645 1689 2698; baseline -0.005 -11"><span class='ocrx_word' id='word_1_284' title='bbox 190 2661 270 2687; x_wconf 89' lang='lat' dir='ltr'><strong>rum</strong></span> <span class='ocrx_word' id='word_1_285' title='bbox 292 2649 390 2698; x_wconf 84' lang='lat' dir='ltr'><strong>apud</strong></span> <span class='ocrx_word' id='word_1_286' title='bbox 415 2649 576 2698; x_wconf 83' lang='lat' dir='ltr'><strong>tragicos</strong></span> <span class='ocrx_word' id='word_1_287' title='bbox 603 2647 758 2689; x_wconf 84' lang='lat' dir='ltr'><strong>Graecos</strong></span> <span class='ocrx_word' id='word_1_288' title='bbox 784 2650 871 2687; x_wconf 85' lang='lat' dir='ltr'><strong>usu’</strong></span> <span class='ocrx_word' id='word_1_289' title='bbox 898 2661 935 2698; x_wconf 92' lang='lat' dir='ltr'><strong>p.</strong></span> <span class='ocrx_word' id='word_1_290' title='bbox 961 2650 1008 2687; x_wconf 81' lang='lat'><strong>28</strong></span> <span class='ocrx_word' id='word_1_291' title='bbox 1034 2661 1106 2698; x_wconf 87' lang='lat' dir='ltr'><strong>seq.</strong></span> <span class='ocrx_word' id='word_1_292' title='bbox 1155 2648 1193 2686; x_wconf 88' lang='lat' dir='ltr'><strong>Is</strong></span> <span class='ocrx_word' id='word_1_293' title='bbox 1217 2646 1443 2698; x_wconf 79' lang='grc' dir='ltr'><em>μονομήτωρ</em></span> <span class='ocrx_word' id='word_1_294' title='bbox 1469 2645 1513 2683; x_wconf 88' lang='lat' dir='ltr'><strong>de</strong></span> <span class='ocrx_word' id='word_1_295' title='bbox 1536 2647 1689 2681; x_wconf 74' lang='lat' dir='ltr'><strong>luscinia</strong></span> 
     </span>
     <span class='ocr_line' id='line_1_36' title="bbox 189 2704 1690 2755; baseline -0.005 -11"><span class='ocrx_word' id='word_1_296' title='bbox 189 2709 326 2744; x_wconf 85' lang='lat' dir='ltr'><strong>dictum</strong></span> <span class='ocrx_word' id='word_1_297' title='bbox 353 2709 486 2754; x_wconf 85' lang='lat' dir='ltr'><strong>accipit</strong></span> <span class='ocrx_word' id='word_1_298' title='bbox 518 2709 556 2744; x_wconf 87' lang='lat' dir='ltr'><strong>et</strong></span> <span class='ocrx_word' id='word_1_299' title='bbox 579 2708 841 2754; x_wconf 84' lang='lat' dir='ltr'><strong>interpretatur</strong></span> <span class='ocrx_word' id='word_1_300' title='bbox 870 2719 961 2755; x_wconf 77' lang='lat' dir='ltr'><strong>quae</strong></span> <span class='ocrx_word' id='word_1_301' title='bbox 986 2709 1062 2751; x_wconf 73' lang='lat' dir='ltr'><strong>filio</strong></span> <span class='ocrx_word' id='word_1_302' title='bbox 1090 2707 1219 2743; x_wconf 78' lang='lat' dir='ltr'><strong>orbata</strong></span> <span class='ocrx_word' id='word_1_303' title='bbox 1241 2711 1367 2742; x_wconf 70' lang='lat' dir='ltr'><strong>mater·</strong></span> <span class='ocrx_word' id='word_1_304' title='bbox 1380 2706 1463 2740; x_wconf 74' lang='lat' dir='ltr'><strong>sola</strong></span> <span class='ocrx_word' id='word_1_305' title='bbox 1486 2708 1540 2738; x_wconf 74' lang='lat' dir='ltr'><strong>eet</strong></span> <span class='ocrx_word' id='word_1_306' title='bbox 1560 2704 1690 2738; x_wconf 70' lang='lat' dir='ltr'><strong>relicta</strong></span> 
     </span>
    </p>
   </div>
   <div class='ocr_carea' id='block_1_10' title="bbox 189 2765 547 2814">
    <p class='ocr_par' dir='ltr' id='par_1_10' title="bbox 189 2765 547 2814">
     <span class='ocr_line' id='line_1_37' title="bbox 189 2765 547 2814; baseline -0.003 -12"><span class='ocrx_word' id='word_1_307' title='bbox 189 2766 238 2814; x_wconf 83' lang='lat' dir='ltr'><strong>ig.</strong></span> <span class='ocrx_word' id='word_1_308' title='bbox 261 2765 547 2803; x_wconf 77' lang='lat' dir='ltr'><strong>determinative.</strong></span> 
     </span>
    </p>
   </div>
  </div>
 </body>
</html>
