1857 3133
1613 182 1668 220 13

186 295 322 340 autem
354 299 399 339 et
435 298 616 354 inprimis
652 283 927 352 glossematici
966 296 1039 340 075
1010 318 1044 345 ις
1076 296 1187 349 quod
1219 294 1380 337 unicum
1409 295 1487 336 huc
1516 295 1667 337 refero.

185 363 334 423 λῆστις
352 365 459 422 Cycl.
483 370 579 421 172,
605 367 727 423 Soph.
746 364 848 406 Oed.
869 362 953 406 001.
975 365 1059 406 584
1090 367 1134 406 et
1154 364 1259 407 Grit.
1280 377 1342 420 ap.
1361 365 1460 408 Ath‘.
1480 365 1543 441 X
1569 368 1670 416 432,

159 495 161 498 v
185 436 355 480 fortasse
382 451 408 480 a
434 441 578 482 neutro
606 436 854 490 tragicorum
868 434 1100 500 ‘profectum
1127 438 1201 478 est.

195 520 199 524 ’
302 506 688 551 'seminationem'‘
657 529 685 552 ω
711 505 982 561 amplexatus
998 507 1064 545 est
1084 506 1133 546 in
1152 500 1267 548 δοκώ
1287 504 1315 529 '⁶
1333 505 1395 547 El.
1419 509 1506 547 747-
1534 507 1668 563 opinio

185 576 263 617 vid.
292 574 394 620 Lob.
416 579 559 620 Rhem.
595 579 690 619 319.
751 575 950 619 Suffixum
992 586 1069 621 δων
1105 578 1200 617 ante
1231 577 1338 631 quod
1376 577 1516 617 sicubi
1543 577 1669 618 radici

184 646 225 686 in
252 658 465 689 consonam
484 644 663 690 ‚exeunti
686 643 848 697 additur
874 646 946 685 aut
972 643 1121 689 brevis*
1136 645 1254 687 ut-in
1270 640 1504 701 -σηπεόών,
1536 658 1667 700 τυφε-

184 709 296 768 dciv.
309 711 513 769 ’μελεδών’
535 718 607 756 aut
634 715 759 767 longa
785 714 939 755 vocalis
966 713 1093 754 inseri
1112 712 1289 763 solebat,
1315 715 1364 754 ut
1387 708 1666 774 ἰιιῑᾶχθηδῶν,

183 779 394 846 χαιρηδώγ
420 784 524 838 (vid.
549 783 733 838 Curtium
746 783 821 825 ”De
850 783 1007 827 format.
1036 794 1142 824 nom.
1170 795 1303 837 graec.
1331 796 1369 837 p.
1399 783 1472 834 50)
1500 782 1669 838 simplici

183 855 378 896 vocabulo
399 855 613 895 adnectere
633 866 714 894 non
733 865 858 913 ausus
878 855 943 894 est
961 853 1192 907 Euripidae,
1221 855 1265 893 at
1284 852 1503 906 composito
1522 853 1669 894 semel:

115 961 128 966 ι
183 918 487 992 συναλγηὸόνες
514 922 542 948 ⁸
570 909 710 978 Suppl.
731 909 801 964 74
833 936 887 974 c.,
928 922 1036 977 quod
1074 922 1111 964 si
1149 919 1435 982 συναλγοῦσαι
1465 921 1667 976 explican-

181 993 288 1034 dum
303 989 395 1046 erit,
430 993 642 1047 egregium
668 986 835 1056 hahebi‘s
863 993 1154 1033 terminationis
1175 993 1227 1033 ad
1246 1005 1462 1047 personam
1478 993 1667 1033 detortae

183 1063 400 1118 exemplar.
1172 1084 1175 1085 ν

294 1130 510 1185 Euripides
549 1132 597 1172 ut
630 1130 674 1171 in
715 1130 987 1171 obsoletarum
1023 1130 1348 1171 terminationum
1375 1143 1456 1171 usu
1476 1129 1668 1184 parcissi-

180 1212 269 1241 mus
297 1200 358 1240 ita
389 1199 658 1251 recentiorum
685 1183 1006 1252 frequentatione
1033 1200 1207 1252 insignis
1233 1203 1309 1252 est,
1338 1200 1407 1253 qui
1437 1202 1480 1240 et
1509 1199 1668 1240 omnino

181 1270 279 1311 satis
312 1281 453 1323 saepe
471 1268 614 1323 posuit
644 1268 901 1310 substantiva
939 1268 981 1309 in
1021 1289 1059 1313 a
1018 1267 1123 1321 —‹,-¹)
1151 1269 1302 1322 [habet
1329 1268 1436 1309 enim
1463 1269 1516 1309 ad
1543 1280 1666 1308 nona-

179 1338 306 1390 ginta,
336 1350 392 1377 ex
411 1332 595 1390 quibus'
577 1332 718 1386 ἔνοσις
737 1337 882 1377 Troad.
906 1339 1030 1388 1328,
1059 1336 1204 1378 Bacch.
1227 1339 1309 1378 585
1332 1350 1365 1377 c.
1384 1337 1476 1378 Hel.
1499 1340 1611 1378 1363
1632 1351 1668 1377 c.

148 1454 151 1463 Ι
178 1406 428 1448 Hesiodeum
457 1408 543 1457 est,
580 1398 755 1457 δύνασις
781 1405 993 1447 Androm.
1007 1407 1095 1448 484
1122 1419 1154 1447 c.
1194 1405 1287 1447 Ιοιι.
1323 1408 1449 1458 1012,
1489 1405 1610 1448 Herc.
1641 1406 1667 1447 f.

182 1479 263 1516 776
285 1488 316 1515 c.
346 1475 620 1525 Pindaricum5
648 1475 873 1529 Sophoclea
891 1470 1078 1531 φύλαξις
1102 1477 1198 1528 frgt.
1219 1478 1327 1527 379,
1352 1476 1448 1516 Eur.
1467 1476 1559 1516 Hel.
1581 1478 1665 1517 506
1704 1465 1713 1468 ⁴

178 1545 221 1586 e‘t
240 1540 470 1602 ἑπάρκεσις
480 1544 578 1587 Oed.
593 1545 636 1588 C.
650 1548 735 1588 447
749 1560 796 1598 c„
808 1545 907 1587 Hec.
931 1547 1014 1587 758
1039 1546 1126 1599 (ubi
1141 1559 1249 1588 nunc
1262 1539 1472 1603 ἑπάρκεια
1484 1545 1665 1601 legunt)]

176 1617 218 1655 et
246 1615 517 1655 terminationi
545 1615 658 1665 huic,
696 1628 801 1667 quae
840 1616 883 1655 in
917 1615 1074 1656 deliciis
1080 1622 1089 1628 ’
1112 1616 1188 1656 fuit
1220 1615 1468 1669 Thucydidi,
1481 1614 1517 1668 ²)
1559 1631 1664 1658 com-

173 1685 328 1739 pluries
367 1685 554 1726 indulsit:
607 1681 787 1735 ξένωσις
813 1685 848 1711 ³¹⁵
886 1684 1007 1725 Herc.
1023 1684 1064 1726 ι’.
1095 1686 1203 1736 965,
1238 1685 1347 1738 quod
1387 1684 1519 1727 Thes.
1536 1685 1663 1728 Paris.

175 1755 352 1795 editores
381 1756 549 1795 vertunt
576 1756 850 1809 hospitalitas:
889 1766 1034 1809 parum
1074 1758 1206 1807 recte,
1247 1758 1313 1795 est
1348 1757 1456 1796 enim
1485 1759 1664 1811 peremi-

173 1827 302 1876 natio,
330 1818 558 1879 βάκχευσις
587 1824 635 1851 ⁸⁸*
662 1823 807 1867 Bacch.
838 1826 936 1876 357,
965 1824 1069 1866 Plut.
1099 1824 1201 1880 Mor.
1233 1838 1271 1880 p.
1303 1827 1417 1867 1089
1445 1824 1508 1877 Ε,
1533 1821 1665 1868 ἐπαί-

173 1894 355 1948 νεσιςχ*
394 1893 538 1934 Troad.
570 1896 676 1946 418,
724 1889 900 1944 δίδαξις
936 1894 960 1919 *
995 1894 1093 1934 Hec.
1126 1897 1206 1935 601
1241 1894 1433 1947 (ὴθςοιπ,
1465 1892 1599 1946 δὲξις
1637 1896 1665 1921 '⁶

129 1961 133 1965 ’
173 1964 261 2018 Iph.
281 1963 331 2005 A.
359 1965 492 2014 1182,
521 1958 742 2020 ῥοίβδησις
770 1961 798 1988 ⁸
822 1963 910 2018 Iph.
931 1963 980 2004 A.
1009 1966 1121 2005 1086
1149 1978 1181 2007 c.
1201 1999 1203 2001 .
1221 1964 1270 2006 de
1297 1967 1416 2006 cantu
1437 1968 1663 2020 pastorum,

172 2028 407 2083 ὑποτάσεις
426 2034 454 2069 *.
478 2028 645 2075 πεδίων
663 2033 819 2074 Bacch.
845 2036 927 2075 748
949 2034 974 2074 i.
996 2048 1031 2088 q.
1061 2029 1198 2077 πεδία
1226 2028 1546 2087 ὕπάτεταμένα,
1574 2031 1661 2086 εἴς-
1732 2046 1734 2049 ·

174 2111 287 2162 οψις,
308 2102 343 2162 ⁴⁶.
362 2103 425 2145 El.
459 2105 590 2154 10853
627 2116 758 2157 neque
794 2104 928 2146 minus
959 2104 1224 2159 Euripideum
1263 2105 1390 2155 habeo
1428 2098 1589 2162 κρύψις
1614 2107 1662 2133 **

172 2174 317 2222 Bacch.
347 2175 446 2225 955,
478 2174 581 2214 Plut.
609 2174 709 2213 Mor.
739 2176 873 2227 p.417
888 2174 953 2226 Ε,
975 2174 1083 2227 quod
1103 2176 1367 2228 *postmodum
1395 2176 1505 2229 apud
1533 2178 1661 2221 astro-

171 2247 288 2298 logos
335 2244 568 2299 pariterque
610 2244 830 2302 rh'etoricos
871 2244 1060 2285 inclaruit
1093 2244 1262 2285 Aristot.
1312 2244 1480 2286 Rhetor.
1518 2246 1563 2297 Ι,
1594 2250 1661 2298 12,

172 2327 295 2369 quum
324 2313 366 2354 in
384 2313 579 2367 Euripide
608 2306 767 2369 κρύψει
797 2310 851 2354 σὺ
876 2307 1034 2369 κρύψιν
1063 2310 1375 2356 eodem‘natum
1404 2315 1458 2356 sit
1481 2315 1660 2368 artificio,

171 2398 249 2437 quo
300 2397 423 2437 supra
467 2379 583 2434 δέξιν
630 2377 863 2437 δεξόμεθα.
880 2382 913 2436 ³)
987 2383 1068 2426 Sed
1108 2378 1258 2440 ἤλυσις
1295 2385 1344 2412 **
1379 2385 1479 2428 Hec.
1512 2390 1566 2428 67
1597 2400 1658 2429 an.

265 2579 310 2627 1)
332 2577 528 2624 Aeschylus
560 2579 604 2614 ut
623 2578 820 2624 plurimum
839 2579 932 2617 talia
964 2581 1119 2627 quatuor
1146 2581 1348 2628 progenuit
1377 2580 1505 2637 (Todt.
1536 2592 1571 2627 p.
1599 2581 1657 2628 6..)

169 2640 207 2685 2)
234 2635 475 2685 Thucydidem
498 2634 679 2681 permulta
702 2636 854 2675 habere
862 2637 1014 2675 doceant
1038 2649 1130 2685 quae
1154 2650 1235 2676 cum
1259 2639 1430 2685 Euripide
1456 2640 1660 2677 communia

168 2696 280 2733 habet
317 2695 447 2731 cursim
480 2693 648 2738 collecta,
685 2697 727 2730 ut
759 2696 927 2740 dicem&
961 2696 1061 2743 α’θρο
1065 2708 1157 2740 ιι,σς
1189 2702 1233 2743 βο
1213 2696 1378 2741 οὐλησιης
1413 2698 1473 2731 ἔπι
1475 2695 1587 2742 τὴδευ
1566 2708 1657 2741 υσις,

169 2753 260 2790 &vab
239 2764 352 2802 υμησι
353 2767 388 2797 ς,
424 2755 581 2799 εἵς-βασις
611 2752 813 2804 quaejicet
837 2764 969 2802 augere
998 2753 1090 2792 aliis.
1213 2754 1253 2801 3)
1287 2753 1369 2790 Etsi
1401 2753 1499 2792 enim
1533 2757 1658 2801 aperte

167 2812 288 2856 graeci
322 2810 495 2848 sermonis
524 2812 580 2846 est
616 2810 846 2849 substantiva
885 2823 966 2849 cum
992 2811 1112 2848 verbis
1144 2807 1304 2849 eiusdem
1337 2812 1462 2858 stirpis
1496 2814 1656 2860 iungere,
