1857 3133
1561 140 1615 180 65

99 267 260 313 ‘22'an‚
289 263 358 304 ubi
386 262 467 305 vid.
494 261 633 303 Herm.
672 296 679 313 Κ
702 258 818 301 Haeo
855 258 1191 312 significationum
1216 257 1448 299 diversitas
1484 257 1616 299 maior

124 331 289 376 videtur
308 344 426 385 esse,
453 343 576 387 quam
601 330 667 372 est
685 339 860 372 revera*
900 326 1036 370 Priore
1064 327 1228 369 admisit
1237 326 1447 369 ,Lucianus
1476 318 1614 382 trag-o-

124 404 216 456 dop.
245 405 353 453 214,
392 417 516 456 quum
545 400 765 456 Euripides
802 397 899 439 alibi
932 394 1122 449 ἔκθετος
1145 398 1352 451 (Androm.
1386 401 1456 450 70)
1484 398 1613 440 consi-

124 470 296 514 militer
310 435 460 514 dixerit
495 472 539 512 et
578 468 733 526 primus
774 466 935 523 quidem
967 479 1099 521 neque
1134 479 1233 509 vero
1262 467 1384 509 solus.
1442 466 1521 508 His
1553 490 1613 497 —

124 555 220 594 qua
231 542 316 582 fide
329 543 458 637 *Sint'
493 553 575 581 non
614 540 745 605 audeo
786 538 923 579 dicere
955 560 1006 568 —
1048 551 1102 577 ex
1127 537 1266 578 Rheso
1297 540 1383 579 304
1412 532 1613 592 adiungo:

123 605 173 663 ἕξ
276 609 353 661 c*

170 622 283 721 w
325 680 501 727 ·.Quod
537 679 580 720 in
618 678 757 719 Rheso
796 679 881 717 289
928 677 994 717 est
1028 670 1213 731 ἔνθηρος
1248 670 1426 730 δρυμός,
1475 677 1517 717 id
1558 691 1612 718 ex

126 680 331 803 Αθᾷοἱῗγι
344 749 423 802 Ag.
449 750 561 800 540,
602 747 676 789 sed
712 746 957 790 commutata
994 742 1289 798 significatione
1323 744 1497 799 petitum
1534 747 1612 796 est,

126 831 251 872 quum
276 817 319 859 in
349 817 554 871 Aeschylo
583 815 799 869 obiective,
820 814 882 855 »in
920 814 1059 859 Rheso
1098 814 1351 868 pooeessive.
1373 811 1614 855 sumendum

126 886 182 929 sit
210 887 306 940 (vid.
338 886 445 928 Todt
471 901 515 941 p.>
542 887 634 938 31):
674 897 779 940 quae
806 882 1112 938 significationis
1141 883 1400 926 commutatio
1435 884 1501 926 cui
1539 884 1611 926 du-

126 956 303 998 riuscula
321 957 502 1007 videtur,
539 956 578 996 ei
596 968 841 1009 proponam,
870 966 976 1006 quae
1003 954 1262 1010 inpromptu
1290 956 1375 1005 est,
1408 955 1609 996 coniectu-

124 1038 213 1070 ram
239 1020 443 1082 εὔθηρος,
484 1025 591 1078 quod
617 1024 672 1064 de
697 1024 796 1064 locis
834 1023 1011 1064 ferarum
1047 1023 1163 1077 copia
1197 1024 1425 1077 insignibus
1455 1023 1612 1078 Strabo,

125 1093 289 1136 Anthol.
324 1096 469 1148 poeta,
505 1093 708 1151 Aristides
744 1094 985 1147 posuerunt;
1033 1105 1126 1134 cum
1166 1091 1363 1147 Sophocle
1402 1107 1612 1135 commune

126 1153 250 1205 habet
283 1160 486 1220 ἐφκληρος
521 1163 643 1218 Soph.
684 1161 824 1215 Antig.
860 1163 970 1213 814,
1011 1164 1120 1213 836,
1163 1161 1260 1210 Eur.
1297 1162 1386 1217 Iph.
1429 1163 1473 1204 Τ.
1516 1166 1613 1216 682,

125 1232 247 1288 Hipp.
291 1236 399 1277 1011
414 1265 426 1283 ,
472 1232 591 1274 Herc.
633 1233 658 1273 fi
697 1233 793 1273 468.
824 1254 880 1262 -—
930 1230 1136 1287 Euripidis
1175 1234 1288 1272 sunt:
1325 1228 1545 1289 ἐγγενέτης
1563 1233 1613 1261 ¹⁶*

128 1302 321 1344 Androm.
353 1304 437 1343 128
464 1314 517 1353 c.,
545 1301 679 1356 Apoll.
704 1300 833 1342 Rhod.
864 1299 939 1352 IV,
968 1302 1104 1351 1549,
1131 1303 1177 1341 et
1196 1301 1452 1342 'obieetivum
1478 1298 1613 1355 ἔκμο-

123 1374 237 1425 χθος
255 1372 305 1399 **
350 1367 501 1426 βίοτος
539 1370 679 1425 Suppl.
719 1372 832 1412 1084
883 1383 1162 1421 aerumnam,
1196 1371 1411 1413 transtulit
1446 1372 1613 1413 Nicand.

126 1442 244 1484 Ther.
278 1443 372 1483 756.

238 1506 375 1552 Ἐπί;
408 1510 569 1550 Rursus
589 1509 750 1549 unicum
771 1522 825 1549 ex
845 1508 1051 1562 Aeschylo
1070 1508 1149 1562 Ag.
1170 1511 1253 1550 532
1276 1512 1415 1563 (pass.)
1437 1509 1613 1565 Choeph.

126 1584 211 1622 826
237 1581 345 1632 (act.)
374 1579 500 1631 eleg-it
529 1578 605 1618 sibi
632 1577 761 1618 Rhesi
787 1580 930 1618 auctor
960 1580 1044 1618 327
1070 1564 1324 1634 ἕπίμομφος
1344 1579 1453 1631 (act.)
1485 1578 1613 1626 Quin-

126 1664 205 1705 que
234 1648 370 1689 inveni
388 1647 628 1701 Euripidea3
657 1647 937 1700 possessivum
956 1649 1021 1686 est
1040 1642 1272 1701 ἐπίλογχον
1291 1646 1316 1671 *
1344 1644 1471 1700 βέλος
1489 1648 1611 1703 Hipp.

126 1722 209 1761 221
232 1731 294 1759 an.
315 1717 449 1759 'telum
478 1716 639 1771 cuspide
654 1716 909 1771 praffioeum;
938 1716 1292 1761 determinativum
1313 1720 1378 1758 est
1397 1713 1612 1773 ἐπίφρου-

125 1801 199 1843 ρον
218 1787 242 1813 *
269 1782 396 1842 ξίφος
422 1780 523 1841 δέρῃ
552 1779 771 1840 θυγατρός
801 1783 935 1826 Orest.
959 1787 1068 1826 1575
1096 1786 1263 1840 yladius
1280 1788 1615 1828 oervioemousto-

124 1856 257 1906 diens,
291 1854 397 1914 quod
438 1855 537 1894 item
573 1853 849 1909 possessivum
879 1854 977 1904 erit,
1021 1854 1056 1894 si
1084 1850 1163 1895 ἐπὶ
1184 1858 1252 1911 τῇ
1294 1851 1395 1912 δέρῃ
1427 1853 1615 1912 φρουρὰν

126 1921 222 1977 ἔχον
253 1923 499 1979 explicatur,
528 1925 614 1963 tum
644 1917 808 1979 ἐπῆλυξ
825 1922 848 1947 *
876 1918 1016 1978 πέτρα
1035 1921 1144 1976 Cycl.
1170 1926 1254 1964 680
1283 1926 1467 1965 umbram
1489 1938 1612 1980 prae-

124 1996 217 2035 bens
245 2007 376 2048 rupes.
437 1991 692 2033 Obiectivum
712 1994 777 2031 est
796 1987 1049 2044 ἐπιδέμνιος
1067 1992 1090 2017 *
1121 1989 1182 2044 (ἐς
1200 1985 1338 2045 εὐνάν)
1362 1994 1461 2035 Hec
1482 1997 1611 2036 927&

123 2065 197 2117 qui
219 2075 344 2117 supra
372 2063 497 2108 strato
527 2063 586 2102 est
622 2060 716 2112 (vid
741 2060 918 2113 Herm.);
956 2061 1054 2101 item
1093 2062 1288 2103 obiective
1330 2064 1612 2117 explicandum

126 2134 192 2173 est
217 2124 498 2211 emmdhog*
523 2123 647 2181 χθών
686 2130 770 2171 Ion.
803 2131 938 2180 1577,
978 2143 1053 2184 per
1085 2144 1131 2171 se
1168 2131 1328 2202 quidem
1366 2134 1475 2173 recte
1507 2132 1612 2173 Her-

124 2213 316 2243 mannus:
345 2196 420 2256 τὴν
450 2195 529 2240 ἐπὶ
559 2199 658 2248 ταῖς
677 2198 835 2254 φυλαῖς
854 2192 984 2241 οισαν
996 2201 1183 2243 tribubus
1192 2204 1436 2257 permissam
1455 2216 1612 2245 earum-

124 2287 214 2328 que
227 2271 418 2325 potestati
449 2269 688 2320 subiectam;
733 2267 849 2310 modo
887 2268 986 2309 satis
1027 2272 1139 2311 recte
1181 2283 1226 2311 se
1264 2271 1433 2312 haberet
1470 2273 1612 2314 lectio.

125 2352 269 2382 vereor
308 2339 414 2379 enim
458 2351 510 2378 ne
553 2350 635 2377 non
682 2338 830 2379 iniuria
874 2339 1095 2379 reddiderit
1130 2329 1317 2394 Euripidi
1354 2341 1612 2395 Hartungius
1685 2366 1688 2369 μ

123 2401 412 2465 τετραφύλιος.

78 2474 83 2479 ’
241 2470 421 2519 Κατάτ
471 2470 744 2532 κατάπτερος
774 2476 906 2519 Orest.
939 2480 1021 2519 177
1044 2491 1076 2518 c.
1108 2478 1379 2532 Aeschyleum
1411 2484 1500 2530 est3-
1521 2496 1611 2523 cum

126 2547 322 2603 Sophocle
337 2558 550 2587 commune
571 2540 844 2605 καταστεφής
865 2547 930 2589 Tr.
954 2549 1058 2598 178,
1078 2546 1176 2589 Eur.
1198 2547 1334 2602 Suppl.
1359 2552 1441 2591 259
1462 2543 1610 2605 poster.

124 2618 175 2657 In
203 2619 282 2670 eis,
313 2630 415 2672 quae
437 2616 613 2674 ,redeunt
638 2616 690 2656 ad
719 2619 902 2669 nomina,
932 2619 1239 2672 praepositionis
1267 2619 1309 2658 id
1337 2619 1509 2661 officium
1536 2628 1613 2674 est,

124 2688 171 2728 ut
211 2688 385 2743 explicet
425 2685 597 2740 aliquem
636 2685 723 2726 eius
762 2688 842 2739 rei,
880 2701 1000 2743 quam
1035 2688 1185 2731 indicat
1219 2688 1442 2737 membrum
1472 2693 1612 2734 subse-

125 2770 273 2810 quenS‚
313 2756 563 2808 aliquomodo
602 2755 839 2809 participem
857 2755 863 2761 ’
883 2771 991 2798 esse.-
1054 2756 1161 2798 Sunt
1177 2771 1285 2798 -vero
1326 2759 1469 2810 etiam,
1511 2776 1614 2815 quae

1310 2831 1334 2868 5
