1857 3133
204 144 264 182 50

208 261 386 299 ceterum
416 257 611 298 Clearcho
642 271 705 311 ap.
734 257 906 309 Athen„
932 258 1129 309 Diodoro,
1157 257 1261 300 Plut.
1292 259 1381 301 aliis
1398 259 1605 310 usitatum,
1632 270 1707 302 nec

205 329 351 369 mirum
391 327 432 368 in
469 340 571 368 voce
608 327 754 369 tantilli
796 329 1010 382 ponderis3
1061 340 1179 383 porro
1216 321 1386 380 ὄτοιχοι
1407 327 1434 353 '⁸
1474 324 1704 386 περιβολαὶ

210 395 502 457 σκηιίυμάτων
561 398 645 438 Ion.
696 401 809 440 1133
861 400 1117 441 tabernacula
1157 389 1373 454 parietem(
1394 413 1471 442 non
1510 400 1706 450 habentia,

206 468 283 509 Dio
313 468 428 509 Cass.
441 499 451 518 ‚
482 459 689 523 ἀνόροφοι
709 467 762 492 ¹¹³*
782 465 943 528 πέτραι
964 468 1108 510 Bacch.
1131 471 1208 519 38,
1238 459 1464 525 α’νώροφρς
1482 469 1582 524 Lyc.
1601 471 1705 518 3503

204 533 410 594 ἀσίδηρος
431 535 483 560 ⁴¹*
510 532 604 591 χείρ
633 536 779 579 Bacch.
817 541 922 588 736,
959 533 1114 591 μοχλοί
1142 538 1194 579 ib.
1227 539 1360 589 1104,
1398 537 1530 580 Noun.
1558 538 1642 580 Ioh.
1671 551 1704 579 c.

210 612 287 659 12,
317 608 438 648 Anth.
470 606 553 648 Pal.
584 606 673 659 IX,
702 611 812 659 299,
840 612 891 658 3,
915 607 1020 649 Plut.
1049 607 1184 649 Crass.
1206 621 1239 649 c.
1261 611 1337 658 31,
1367 607 1532 651 Lucian.
1560 607 1704 663 Bacch.

208 691 240 719 c.
278 682 297 718 1
334 679 406 730 (ex
432 677 522 732 ipso
549 676 769 732 Euripide,
809 678 985 731 opinor,)
1027 679 1070 717 et
1096 678 1148 717 id.
1188 677 1327 732 Scyth.
1356 690 1388 717 c,
1420 680 1465 726 33
1503 663 1707 735 ἷίχλρα“

207 744 343 790 πεδία
379 748 470 788 Hel.
512 751 622 788 1327
655 761 711 797 c.,
754 747 924 801 Oppian.
961 747 1052 788 Hal.
1083 748 1150 797 H,
1189 750 1274 788 496
1317 748 1386 797 al.;
1419 747 1556 801 paullo
1596 748 1706 790 inso-

207 818 358 860 lentius
388 818 539 858 dictum
570 820 650 869 est,
692 819 737 857 ut
763 817 820 857 nil
857 817 987 858 dicam
1016 817 1067 858 de
1095 816 1361 859 abundantia:
1401 809 1705 860 ἆνειλείθυια’

211 882 376 929 ὠδίνων
404 885 553 938 λοχὶᾶν
583 888 666 928 Ion.
697 889 783 928 453
814 900 867 938 c.,
893 888 1001 927 unde
1027 886 1202 928 afferunt
1225 886 1342 928 Eust.
1378 884 1471 944 (τὴν
1510 884 1571 943 μὴ
1611 899 1707 941 γεν-

209 954 413 1014 νήσασαν)
450 956 560 998 Suid.
605 960 647 998 et
686 956 865 1012 Hesych.
910 954 1001 1015 (τὴν
1030 952 1220 1012 ἅτοκον);
1269 971 1412 1000 verum
1454 956 1572 999 Thes.
1616 956 1705 1000 Par.

214 1027 359 1075 editori
376 1027 453 1068 boc
479 1027 779 1082 compositionis
799 1041 933 1081 genus
954 1029 1055 1069 adeo
1083 1028 1309 1083 displicuit,
1339 1030 1387 1069 ut
1405 1028 1459 1068 ad
1477 1029 1707 1082 corruptam

212 1098 422 1150 Hesychii,
441 1086 621 1150 glossam
652 1099 791 1138 mallet
819 1099 1030 1150 refugere:
1056 1099 1273 1148 immerit03
1305 1098 1578 1139 excusationis
1599 1098 1706 1139 enim

211 1166 390 1207 nonnihil
420 1158 692 1207 ἅνειλείθῑ-ἰα
722 1167 844 1207 habet
873 1180 897 1206 a
923 1167 1084 1206 nomine
1112 1167 1300 1221 proprio,
1328 1168 1501 1207 uticum
1524 1168 1600 1208 hoc
1618 1169 1706 1207 tan-

210 1249 328 1289 quam
360 1249 487 1288 prono
503 1246 640 1275 ⁴cursu
669 1228 807 1276 iuncta
849 1237 903 1277 sit
942 1236 1159 1289 particula,
1195 1249 1438 1290 quamquam
1467 1236 1705 1290 Euripidem

205 1305 414 1346 fatendum
442 1307 506 1345 est
533 1316 557 1344 a
582 1303 751 1357 linguae
768 1305 872 1358 lege
901 1305 1067 1359 paulum
1096 1305 1334 1354 recessisse3
1362 1307 1566 1359 postremo
1595 1297 1704 1357 ἀχά-

207 1374 372 1416 aava*
412 1369 610 1427 στόματα
650 1374 793 1415 Bacch.
834 1378 939 1425 386,
977 1375 1097 1416 Herc.
1128 1377 1153 1415 f.
1184 1377 1293 1427 383,
1336 1374 1437 1417 Plat.
1467 1375 1596 1428 Legg.
1625 1374 1705 1424 III,

208 1457 247 1498 p.
280 1445 358 1485 701
397 1441 440 1484 C.
483 1443 517 1484 si
556 1456 637 1483 non
676 1443 903 1496 inventum,
946 1446 1079 1485 tamen
1121 1444 1293 1499 primum
1331 1445 1383 1485 ab
1422 1456 1470 1484 eo
1508 1444 1705 1486 translate

209 1515 362 1554 dictum
400 1517 474 1554 est.
538 1513 740 1553 Suffixum
778 1516 825 1567 ᾗ
864 1516 1146 1564 adsciverunt,
1196 1528 1298 1568 quae
1334 1514 1644 1568 proficiscuntur
1682 1528 1705 1555 a

202 1583 360 1623 neutris
401 1583 443 1622 in
483 1583 543 1631 ἧς
588 1574 667 1623 οὐκ
698 1574 926 1637 ἀβριθὲς*
957 1578 1101 1637 βάρος
1150 1572 1289 1637 Suppl.
1323 1584 1433 1624 1125
1467 1596 1499 1623 c.
1546 1584 1704 1634 (forma-

203 1655 291 1692 tum
322 1654 368 1691 ut
395 1647 631 1707 ἐμβριθής,
663 1646 974 1708 ’ὗπερβριθής),
1003 1645 1160 1708 ἆμενὴς
1179 1652 1231 1676 *⁶*
1260 1652 1389 1707 γραῖα
1420 1652 1559 1706 Suppl.
1592 1657 1703 1694 1116

203 1734 267 1762 an.
300 1721 504 1763 imbecilla
536 1722 608 1761 sed
636 1723 678 1761 et
708 1721 803 1762 alibi
832 1722 1013 1772 obvium,
1050 1722 1157 1774 quod
1197 1722 1316 1762 docet
1342 1721 1538 1775 Hesychii
1566 1721 1705 1775 glossa

202 1783 375 1843 ἆμενεῖς
401 1783 632 1841 ἆσθενεῒςς
652 1791 683 1840 ¹)
725 1783 971 1847 ἅτειχὴς“
1011 1792 1121 1840 παῖς
1153 1786 1390 1842 Ἀχιλλέως
1421 1791 1548 1832 Andr.
1580 1795 1705 1841 1119,

206 1858 372 1899 Leonid.
398 1857 559 1899 Tarent.
584 1873 645 1913 ep.
669 1860 745 1909 50,
778 1858 877 1899 Hes.
902 1872 957 1899 ex
987 1859 1084 1898 Eur.
1107 1882 1163 1887 ——
1192 1859 1243 1899 In
1273 1859 1325 1903 ’ωἶι
1355 1860 1440 1899 exit
1466 1852 1705 1916 ἇχρήμιιη*

205 1927 311 1968 Med.
342 1931 419 1968 461
458 1930 594 1983 inops,
639 1941 732 1968 nam
761 1920 936 1982 ἀκύμων
976 1929 1101 1969 Andr.
1134 1930 1217 1969 158
1246 1930 1400 1970 sterilis
1427 1929 1505 1970 iam
1531 1930 1583 1970 ab
1613 1929 1703 1971 Ari-

204 1998 403 2051 stophane
431 1999 672 2050 usurpatum
702 2010 794 2037 esse
823 1997 943 2037 docet
972 1997 1128 2050 Phryn.¹
1145 2009 1206 2050 ap.
1234 1996 1363 2037 Bekk.
1384 1997 1433 2038 A.
1457 1996 1528 2039 Gr.
1560 2001 1598 2048 6,
1619 2002 1654 2038 2.
1670 1999 1702 2049 ²)

1187 2067 1206 2087 O

299 2147 335 2189 1)
360 2146 461 2183 Idem
489 2146 601 2193 gloss.
627 2146 698 2183 468
723 2158 765 2182 ex
799 2145 986 2193 plausibili
1018 2145 1065 2184 M.
1091 2143 1283 2183 Schmidtii
1318 2147 1523 2183 coniectura
1554 2144 1704 2192 genium

202 2203 310 2240 affert
335 2215 377 2240 ex
402 2204 484 2240 Eur.
511 2204 608 2245 loco,
634 2206 791 2240 ceterum
813 2204 852 2240 E.
878 2204 925 2240 M.
949 2204 1064 2241 flectit
1097 2205 1233 2252 ἀμένης
1259 2205 1437 2252 ἀμένηως
1460 2203 1584 2252 ὥσπερ
1612 2203 1704 2250 dp(-

204 2266 265 2308 λης
289 2263 476 2310 ἀμέλητος.
573 2263 609 2309 2)
634 2262 824 2309 Euripides
845 2263 904 2299 his
920 2262 1128 2309 compositis
1150 2264 1345 2308 praeeunte
1362 2261 1537 2309 Sophocle
1554 2260 1705 2297 omnino

204 2320 309 2357 valde
336 2320 507 2364 indulsit3
531 2322 582 2357 sic
607 2321 748 2363 evenit,
784 2323 826 2357 ut
850 2320 1055 2367 supersint,
1093 2327 1184 2367 quae
1206 2320 1361 2367 primum
1387 2320 1433 2356 ab
1460 2330 1502 2355 eo
1530 2321 1704 2365 usurpata

205 2380 269 2415 sed
306 2382 430 2415 tamen
458 2380 550 2416 talia
580 2382 666 2416 sunt
679 2408 687 2423 ‚
729 2381 770 2415 ut
806 2379 850 2416 de
888 2381 1032 2416 auctore
1067 2379 1197 2416 merito
1234 2379 1400 2416 dubitare
1429 2378 1565 2427 possis,
1602 2378 1702 2415 velut

205 2437 347 2483 ι’ίκινμος
380 2438 484 2474 Herc.
517 2437 541 2471 f.
575 2439 645 2473 698
672 2448 718 2479 c.‚
754 2438 923 2486 ἀνέορτος
950 2441 1056 2486 ἱερῶν
1093 2437 1148 2473 ΕΙ.
1179 2438 1266 2479 310,
1308 2448 1400 2484 quae
1433 2438 1589 2473 fortasse
1618 2439 1704 2472 sunt

203 2494 419 2540 Euripiden,
444 2504 550 2540 porro
574 2493 787 2541 ἀνάδελφος
808 2494 869 2532 Or.
894 2487 983 2542 310,
1008 2494 1086 2541 Iph.
1113 2494 1152 2530 T.
1177 2495 1268 2537 475,
1295 2505 1365 2541 quo
1390 2495 1534 2541 praeter
1558 2492 1703 2530 Plutar-

204 2554 309 2590 chum
341 2549 440 2590 'solus
466 2551 666 2597 Xenophon
692 2552 803 2587 semel
828 2553 962 2590 Comm.
989 2553 1048 2595 Π,
1075 2553 1123 2589 34
1161 2564 1247 2589 usus
1276 2555 1334 2591 est
1360 2552 1483 2599 ibique
1512 2552 1632 2588 nescio
1655 2563 1702 2588 an
1754 2556 1764 2562 '

204 2624 269 2649 suo
297 2599 445 2649 inve‘nto
476 2614 519 2647 ut
556 2613 742 2647 remaneat
772 2611 956 2658 Euripidi,
992 2612 1093 2648 cuius
1123 2612 1182 2648 vix
1220 2613 1276 2648 est
1314 2611 1472 2650 ἄδουλος
1495 2609 1604 2648 Andr.
1632 2612 1703 2648 593

205 2672 361 2716 posteris
386 2681 560 2717 perquam
586 2670 780 2706 usitatum:
818 2669 882 2706 sed
911 2670 1094 2717 Euripidis
1131 2670 1209 2707 loco
1242 2681 1287 2707 ne
1313 2669 1421 2706 lectio
1442 2668 1585 2715 quidem
1611 2669 1702 2706 satis

207 2731 359 2764 constat.
384 2749 430 2755 —
462 2729 630 2764 Ceterum
666 2739 793 2763 moneo
830 2730 867 2763 et
893 2729 1097 2773 possessiva
1134 2731 1172 2763 et
1196 2727 1474 2764 determinativa
1498 2738 1540 2763 ex
1557 2721 1593 2763 ἀἶ
1620 2739 1701 2774 per-

206 2785 321 2821 multa
351 2796 431 2821 cum
453 2784 628 2832 Sophocle
655 2785 858 2822 communia
884 2785 1015 2822 habere
1041 2785 1258 2832 Euripidem.
1278 2806 1324 2811 -
1350 2784 1402 2820 Ex
1417 2785 1566 2833 tragicis
1584 2785 1700 2821 mino-
