<?xml version="1.0" encoding="UTF-8"?>
<!DOCTYPE html PUBLIC "-//W3C//DTD XHTML 1.0 Transitional//EN"
    "http://www.w3.org/TR/xhtml1/DTD/xhtml1-transitional.dtd">
<html xmlns="http://www.w3.org/1999/xhtml" xml:lang="en" lang="en">
 <head>
  <title>
</title>
<meta http-equiv="Content-Type" content="text/html;charset=utf-8" />
  <meta name='ocr-system' content='tesseract 3.04.00' />
  <meta name='ocr-capabilities' content='ocr_page ocr_carea ocr_par ocr_line ocrx_word'/>
</head>
<body>
  <div class='ocr_page' id='page_1' title='image "4738124_0103.png"; bbox 0 0 1857 3133; ppageno 0'>
   <div class='ocr_carea' id='block_1_1' title="bbox 1549 165 1600 202">
    <p class='ocr_par' dir='ltr' id='par_1_1' title="bbox 1549 165 1600 202">
     <span class='ocr_line' id='line_1_1' title="bbox 1549 165 1600 202; baseline 0 0"><span class='ocrx_word' id='word_1_1' title='bbox 1549 165 1600 202; x_wconf 79' lang='lat'><strong>95</strong></span> 
     </span>
    </p>
   </div>
   <div class='ocr_carea' id='block_1_2' title="bbox 112 281 1617 2561">
    <p class='ocr_par' dir='ltr' id='par_1_2' title="bbox 112 281 1617 2561">
     <span class='ocr_line' id='line_1_2' title="bbox 112 281 1605 338; baseline -0.001 -15"><span class='ocrx_word' id='word_1_2' title='bbox 112 297 187 323; x_wconf 87' lang='lat' dir='ltr'><strong>nes</strong></span> <span class='ocrx_word' id='word_1_3' title='bbox 216 284 452 338; x_wconf 81' lang='lat' dir='ltr'><strong>disponere,</strong></span> <span class='ocrx_word' id='word_1_4' title='bbox 482 287 529 324; x_wconf 84' lang='lat' dir='ltr'><strong>ut</strong></span> <span class='ocrx_word' id='word_1_5' title='bbox 556 296 622 324; x_wconf 86' lang='lat' dir='ltr'><strong>me</strong></span> <span class='ocrx_word' id='word_1_6' title='bbox 648 284 690 324; x_wconf 89' lang='lat' dir='ltr'><strong>in</strong></span> <span class='ocrx_word' id='word_1_7' title='bbox 722 283 891 324; x_wconf 85' lang='lat' dir='ltr'><strong>alteram</strong></span> <span class='ocrx_word' id='word_1_8' title='bbox 922 293 1086 324; x_wconf 86' lang='lat' dir='ltr'><strong>arenam</strong></span> <span class='ocrx_word' id='word_1_9' title='bbox 1117 281 1257 323; x_wconf 85' lang='lat' dir='ltr'><strong>darem</strong></span> <span class='ocrx_word' id='word_1_10' title='bbox 1286 281 1465 336; x_wconf 83' lang='lat' dir='ltr'><strong>profecto</strong></span> <span class='ocrx_word' id='word_1_11' title='bbox 1485 291 1605 332; x_wconf 81' lang='lat' dir='ltr'><strong>coge-</strong></span> 
     </span>
     <span class='ocr_line' id='line_1_3' title="bbox 114 348 1605 406; baseline -0.003 -12"><span class='ocrx_word' id='word_1_12' title='bbox 114 366 189 394; x_wconf 57' lang='lat' dir='ltr'>rer*</span> <span class='ocrx_word' id='word_1_13' title='bbox 210 355 254 396; x_wconf 86' lang='lat' dir='ltr'><strong>at</strong></span> <span class='ocrx_word' id='word_1_14' title='bbox 281 354 417 395; x_wconf 89' lang='lat' dir='ltr'><strong>nescio</strong></span> <span class='ocrx_word' id='word_1_15' title='bbox 445 353 497 396; x_wconf 86' lang='lat' dir='ltr'><strong>an</strong></span> <span class='ocrx_word' id='word_1_16' title='bbox 511 363 607 396; x_wconf 34' lang='lat' dir='ltr'><strong>,non</strong></span> <span class='ocrx_word' id='word_1_17' title='bbox 638 348 739 394; x_wconf 83' lang='lat' dir='ltr'><strong>satis</strong></span> <span class='ocrx_word' id='word_1_18' title='bbox 766 351 953 404; x_wconf 80' lang='lat' dir='ltr'><strong>dignam,</strong></span> <span class='ocrx_word' id='word_1_19' title='bbox 981 363 1106 406; x_wconf 84' lang='lat' dir='ltr'><strong>quam</strong></span> <span class='ocrx_word' id='word_1_20' title='bbox 1130 351 1358 406; x_wconf 82' lang='lat' dir='ltr'>experirer:</span> <span class='ocrx_word' id='word_1_21' title='bbox 1387 350 1543 391; x_wconf 89' lang='lat' dir='ltr'><strong>scilicet</strong></span> <span class='ocrx_word' id='word_1_22' title='bbox 1568 349 1605 390; x_wconf 92' lang='lat' dir='ltr'><strong>si</strong></span> 
     </span>
     <span class='ocr_line' id='line_1_4' title="bbox 114 420 1604 477; baseline -0.003 -13"><span class='ocrx_word' id='word_1_23' title='bbox 114 424 182 464; x_wconf 90' lang='lat' dir='ltr'><strong>vel</strong></span> <span class='ocrx_word' id='word_1_24' title='bbox 211 424 504 477; x_wconf 84' lang='lat' dir='ltr'><strong>adpositionum</strong></span> <span class='ocrx_word' id='word_1_25' title='bbox 534 423 695 464; x_wconf 81' lang='lat' dir='ltr'><strong>illarum</strong></span> <span class='ocrx_word' id='word_1_26' title='bbox 734 420 895 462; x_wconf 84' lang='lat' dir='ltr'><strong>nonnisi</strong></span> <span class='ocrx_word' id='word_1_27' title='bbox 923 434 1075 474; x_wconf 81' lang='lat' dir='ltr'><strong>genera</strong></span> <span class='ocrx_word' id='word_1_28' title='bbox 1093 421 1237 463; x_wconf 70' lang='lat' dir='ltr'><strong>allatis</strong></span> <span class='ocrx_word' id='word_1_29' title='bbox 1262 421 1461 475; x_wconf 82' lang='lat' dir='ltr'><strong>exemplis</strong></span> <span class='ocrx_word' id='word_1_30' title='bbox 1500 433 1604 461; x_wconf 89' lang='lat' dir='ltr'><strong>com-</strong></span> 
     </span>
     <span class='ocr_line' id='line_1_5' title="bbox 117 487 1604 556; baseline -0.004 -22"><span class='ocrx_word' id='word_1_31' title='bbox 117 496 416 556; x_wconf 48' lang='lat' dir='ltr'><strong>monstravero,</strong></span> <span class='ocrx_word' id='word_1_32' title='bbox 437 493 517 534; x_wconf 81' lang='lat' dir='ltr'><strong>iam</strong></span> <span class='ocrx_word' id='word_1_33' title='bbox 534 492 593 533; x_wconf 88' lang='lat' dir='ltr'><strong>sic</strong></span> <span class='ocrx_word' id='word_1_34' title='bbox 611 492 662 532; x_wconf 87' lang='lat' dir='ltr'><strong>ab</strong></span> <span class='ocrx_word' id='word_1_35' title='bbox 680 491 757 531; x_wconf 89' lang='lat' dir='ltr'><strong>hac</strong></span> <span class='ocrx_word' id='word_1_36' title='bbox 772 493 893 545; x_wconf 60' lang='lat' dir='ltr'><strong>«parte</strong></span> <span class='ocrx_word' id='word_1_37' title='bbox 908 487 1092 545; x_wconf 74' lang='lat' dir='ltr'><strong>Dionysii</strong></span> <span class='ocrx_word' id='word_1_38' title='bbox 1110 492 1246 540; x_wconf 88' lang='lat' dir='ltr'><strong>verba,</strong></span> <span class='ocrx_word' id='word_1_39' title='bbox 1274 504 1299 532; x_wconf 90' lang='lat' dir='ltr'><strong>a</strong></span> <span class='ocrx_word' id='word_1_40' title='bbox 1318 491 1464 543; x_wconf 79' lang='lat' dir='ltr'><strong>quibus</strong></span> <span class='ocrx_word' id='word_1_41' title='bbox 1488 503 1604 529; x_wconf 88' lang='lat' dir='ltr'>exor-</span> 
     </span>
     <span class='ocr_line' id='line_1_6' title="bbox 116 559 1606 615; baseline -0.003 -11"><span class='ocrx_word' id='word_1_42' title='bbox 116 577 188 604; x_wconf 91' lang='lat' dir='ltr'><strong>sus</strong></span> <span class='ocrx_word' id='word_1_43' title='bbox 220 576 307 603; x_wconf 89' lang='lat' dir='ltr'><strong>sum</strong></span> <span class='ocrx_word' id='word_1_44' title='bbox 320 596 330 615; x_wconf 93' lang='lat'><strong>,</strong></span> <span class='ocrx_word' id='word_1_45' title='bbox 362 563 508 603; x_wconf 88' lang='lat' dir='ltr'><strong>melius</strong></span> <span class='ocrx_word' id='word_1_46' title='bbox 536 562 801 603; x_wconf 74' lang='lat' dir='ltr'><strong>illustrentur.</strong></span> <span class='ocrx_word' id='word_1_47' title='bbox 857 559 906 599; x_wconf 89' lang='lat' dir='ltr'><strong>In</strong></span> <span class='ocrx_word' id='word_1_48' title='bbox 944 561 1177 601; x_wconf 88' lang='lat' dir='ltr'><strong>universum</strong></span> <span class='ocrx_word' id='word_1_49' title='bbox 1214 563 1350 601; x_wconf 87' lang='lat' dir='ltr'><strong>autem</strong></span> <span class='ocrx_word' id='word_1_50' title='bbox 1387 560 1606 601; x_wconf 89' lang='lat' dir='ltr'><strong>tenendum</strong></span> 
     </span>
     <span class='ocr_line' id='line_1_7' title="bbox 117 629 1605 687; baseline -0.004 -12"><span class='ocrx_word' id='word_1_51' title='bbox 117 635 201 684; x_wconf 85' lang='lat' dir='ltr'><strong>est„</strong></span> <span class='ocrx_word' id='word_1_52' title='bbox 229 634 334 687; x_wconf 90' lang='lat' dir='ltr'><strong>quod</strong></span> <span class='ocrx_word' id='word_1_53' title='bbox 361 633 536 674; x_wconf 80' lang='lat' dir='ltr'><strong>omnium</strong></span> <span class='ocrx_word' id='word_1_54' title='bbox 556 633 716 673; x_wconf 80' lang='lat' dir='ltr'><strong>constat</strong></span> <span class='ocrx_word' id='word_1_55' title='bbox 734 641 955 681; x_wconf 85' lang='lat' dir='ltr'><strong>consensu,</strong></span> <span class='ocrx_word' id='word_1_56' title='bbox 993 629 1067 670; x_wconf 86' lang='lat' dir='ltr'><strong>has</strong></span> <span class='ocrx_word' id='word_1_57' title='bbox 1085 655 1087 659; x_wconf 91' lang='lat'><em>-</em></span> <span class='ocrx_word' id='word_1_58' title='bbox 1102 630 1374 684; x_wconf 86' lang='lat' dir='ltr'><strong>appositiones</strong></span> <span class='ocrx_word' id='word_1_59' title='bbox 1411 643 1492 670; x_wconf 92' lang='lat' dir='ltr'><strong>non</strong></span> <span class='ocrx_word' id='word_1_60' title='bbox 1521 632 1605 670; x_wconf 89' lang='lat' dir='ltr'><strong>tam</strong></span> 
     </span>
     <span class='ocr_line' id='line_1_8' title="bbox 117 699 1606 755; baseline -0.002 -13"><span class='ocrx_word' id='word_1_61' title='bbox 117 702 158 742; x_wconf 89' lang='lat' dir='ltr'><strong>id</strong></span> <span class='ocrx_word' id='word_1_62' title='bbox 189 704 396 755; x_wconf 73' lang='lat' dir='ltr'><strong>spectare3</strong></span> <span class='ocrx_word' id='word_1_63' title='bbox 423 703 471 742; x_wconf 91' lang='lat' dir='ltr'><strong>ut</strong></span> <span class='ocrx_word' id='word_1_64' title='bbox 501 701 751 751; x_wconf 74' lang='lat' dir='ltr'><strong>evidentiae,</strong></span> <span class='ocrx_word' id='word_1_65' title='bbox 777 700 938 754; x_wconf 87' lang='lat' dir='ltr'><strong>qualem</strong></span> <span class='ocrx_word' id='word_1_66' title='bbox 967 699 1045 740; x_wconf 89' lang='lat' dir='ltr'><strong>sibi</strong></span> <span class='ocrx_word' id='word_1_67' title='bbox 1063 712 1179 740; x_wconf 88' lang='lat' dir='ltr'><strong>mens</strong></span> <span class='ocrx_word' id='word_1_68' title='bbox 1199 700 1453 753; x_wconf 77' lang='lat' dir='ltr'>expostulat,</span> <span class='ocrx_word' id='word_1_69' title='bbox 1479 701 1606 740; x_wconf 89' lang='lat' dir='ltr'><strong>inser-</strong></span> 
     </span>
     <span class='ocr_line' id='line_1_9' title="bbox 119 766 1607 825; baseline -0.001 -15"><span class='ocrx_word' id='word_1_70' title='bbox 119 771 253 821; x_wconf 87' lang='lat' dir='ltr'><strong>viant,</strong></span> <span class='ocrx_word' id='word_1_71' title='bbox 285 784 402 825; x_wconf 85' lang='lat' dir='ltr'><strong>quam</strong></span> <span class='ocrx_word' id='word_1_72' title='bbox 429 773 476 811; x_wconf 92' lang='lat' dir='ltr'><strong>ut</strong></span> <span class='ocrx_word' id='word_1_73' title='bbox 502 766 649 811; x_wconf 86' lang='lat' dir='ltr'><strong>sensus</strong></span> <span class='ocrx_word' id='word_1_74' title='bbox 670 772 864 821; x_wconf 73' lang='lat' dir='ltr'><strong>moveant</strong></span> <span class='ocrx_word' id='word_1_75' title='bbox 890 769 1022 822; x_wconf 90' lang='lat' dir='ltr'><strong>iisque</strong></span> <span class='ocrx_word' id='word_1_76' title='bbox 1051 768 1304 822; x_wconf 81' lang='lat' dir='ltr'><strong>aliquomodo</strong></span> <span class='ocrx_word' id='word_1_77' title='bbox 1340 769 1607 810; x_wconf 79' lang='lat' dir='ltr'><strong>blandiantur.</strong></span> 
     </span>
     <span class='ocr_line' id='line_1_10' title="bbox 119 836 1608 895; baseline -0.003 -13"><span class='ocrx_word' id='word_1_78' title='bbox 119 840 225 881; x_wconf 87' lang='lat' dir='ltr'><strong>Hinc</strong></span> <span class='ocrx_word' id='word_1_79' title='bbox 245 841 321 893; x_wconf 87' lang='lat' dir='ltr'><strong>illa,</strong></span> <span class='ocrx_word' id='word_1_80' title='bbox 343 852 423 894; x_wconf 89' lang='lat' dir='ltr'><strong>qua</strong></span> <span class='ocrx_word' id='word_1_81' title='bbox 435 840 696 895; x_wconf 76' lang='lat' dir='ltr'><strong>interpretem</strong></span> <span class='ocrx_word' id='word_1_82' title='bbox 716 839 901 892; x_wconf 81' lang='lat' dir='ltr'><strong>fatigant,</strong></span> <span class='ocrx_word' id='word_1_83' title='bbox 919 836 1093 879; x_wconf 87' lang='lat' dir='ltr'><strong>molesta</strong></span> <span class='ocrx_word' id='word_1_84' title='bbox 1112 837 1294 879; x_wconf 76' lang='lat' dir='ltr'><strong>nascitur</strong></span> <span class='ocrx_word' id='word_1_85' title='bbox 1310 837 1537 878; x_wconf 87' lang='lat' dir='ltr'><strong>difficultas.</strong></span> <span class='ocrx_word' id='word_1_86' title='bbox 1553 860 1608 866; x_wconf 88' lang='lat'>-</span> 
     </span>
     <span class='ocr_line' id='line_1_11' title="bbox 120 908 1610 963; baseline -0.001 -14"><span class='ocrx_word' id='word_1_87' title='bbox 120 910 316 963; x_wconf 79' lang='lat' dir='ltr'><strong>Incipiam</strong></span> <span class='ocrx_word' id='word_1_88' title='bbox 344 911 395 949; x_wconf 85' lang='lat' dir='ltr'><strong>ab</strong></span> <span class='ocrx_word' id='word_1_89' title='bbox 424 909 765 962; x_wconf 79' lang='lat' dir='ltr'><strong>adpositionibus,</strong></span> <span class='ocrx_word' id='word_1_90' title='bbox 804 920 908 961; x_wconf 87' lang='lat' dir='ltr'><strong>quae</strong></span> <span class='ocrx_word' id='word_1_91' title='bbox 945 911 1042 949; x_wconf 87' lang='lat' dir='ltr'><strong>sunt</strong></span> <span class='ocrx_word' id='word_1_92' title='bbox 1076 908 1318 949; x_wconf 55' lang='lat' dir='ltr'><strong>abundant&amp;</strong></span> <span class='ocrx_word' id='word_1_93' title='bbox 1355 910 1610 962; x_wconf 70' lang='lat' dir='ltr'><strong>conspicuae:</strong></span> 
     </span>
     <span class='ocr_line' id='line_1_12' title="bbox 119 975 1610 1030; baseline 0 -13"><span class='ocrx_word' id='word_1_94' title='bbox 119 979 234 1019; x_wconf 87' lang='lat' dir='ltr'><strong>velut</strong></span> <span class='ocrx_word' id='word_1_95' title='bbox 259 1001 318 1007; x_wconf 89' lang='lat'><strong>—</strong></span> <span class='ocrx_word' id='word_1_96' title='bbox 346 978 387 1018; x_wconf 90' lang='lat' dir='ltr'><strong>in</strong></span> <span class='ocrx_word' id='word_1_97' title='bbox 415 976 477 1017; x_wconf 88' lang='lat' dir='ltr'><strong>his</strong></span> <span class='ocrx_word' id='word_1_98' title='bbox 503 977 610 1017; x_wconf 86' lang='lat' dir='ltr'><strong>enim</strong></span> <span class='ocrx_word' id='word_1_99' title='bbox 636 976 881 1018; x_wconf 76' lang='lat' dir='ltr'><strong>substantivi</strong></span> <span class='ocrx_word' id='word_1_100' title='bbox 906 977 1016 1017; x_wconf 88' lang='lat' dir='ltr'><strong>notio</strong></span> <span class='ocrx_word' id='word_1_101' title='bbox 1046 976 1175 1017; x_wconf 86' lang='lat' dir='ltr'><strong>altero</strong></span> <span class='ocrx_word' id='word_1_102' title='bbox 1202 975 1412 1030; x_wconf 77' lang='lat' dir='ltr'><strong>compositi</strong></span> <span class='ocrx_word' id='word_1_103' title='bbox 1430 978 1610 1017; x_wconf 83' lang='lat' dir='ltr'><strong>membro</strong></span> 
     </span>
     <span class='ocr_line' id='line_1_13' title="bbox 120 1036 1610 1102; baseline 0 -15"><span class='ocrx_word' id='word_1_104' title='bbox 120 1048 292 1096; x_wconf 76' lang='lat' dir='ltr'><strong>iteratur</strong></span> <span class='ocrx_word' id='word_1_105' title='bbox 321 1069 377 1076; x_wconf 94' lang='lat'><strong>——</strong></span> <span class='ocrx_word' id='word_1_106' title='bbox 404 1044 750 1102; x_wconf 75' lang='grc' dir='ltr'><strong><em>φοινικοσκελεῖς</em></strong></span> <span class='ocrx_word' id='word_1_107' title='bbox 783 1041 910 1101; x_wconf 84' lang='grc' dir='ltr'><strong><em>χηλαί</em></strong></span> <span class='ocrx_word' id='word_1_108' title='bbox 938 1045 1024 1086; x_wconf 89' lang='lat' dir='ltr'><strong>Ion.</strong></span> <span class='ocrx_word' id='word_1_109' title='bbox 1045 1048 1169 1086; x_wconf 79' lang='grc' dir='ltr'><strong>ι1207</strong></span> <span class='ocrx_word' id='word_1_110' title='bbox 1182 1077 1193 1096; x_wconf 85' lang='grc'><strong>,</strong></span> <span class='ocrx_word' id='word_1_111' title='bbox 1222 1046 1470 1098; x_wconf 83' lang='grc' dir='ltr'><strong><em>κακοτυχεῖς</em></strong></span> <span class='ocrx_word' id='word_1_112' title='bbox 1497 1036 1610 1088; x_wconf 84' lang='grc' dir='ltr'><strong><em>πότ-</em></strong></span> 
     </span>
     <span class='ocr_line' id='line_1_14' title="bbox 121 1108 1610 1171; baseline -0.001 -13"><span class='ocrx_word' id='word_1_113' title='bbox 121 1130 197 1170; x_wconf 87' lang='grc' dir='ltr'><strong>μοι</strong></span> <span class='ocrx_word' id='word_1_114' title='bbox 225 1115 346 1171; x_wconf 89' lang='lat' dir='ltr'><strong>Hipp.</strong></span> <span class='ocrx_word' id='word_1_115' title='bbox 376 1117 460 1157; x_wconf 83' lang='grc'><strong>688</strong></span> <span class='ocrx_word' id='word_1_116' title='bbox 491 1128 543 1167; x_wconf 94' lang='lat' dir='ltr'><strong>c.,</strong></span> <span class='ocrx_word' id='word_1_117' title='bbox 585 1108 853 1171; x_wconf 78' lang='grc' dir='ltr'><strong><em>ὑψηλόφρων</em></strong></span> <span class='ocrx_word' id='word_1_118' title='bbox 883 1111 1025 1170; x_wconf 68' lang='grc' dir='ltr'><strong><em>θυμός</em></strong></span> <span class='ocrx_word' id='word_1_119' title='bbox 1061 1113 1149 1169; x_wconf 88' lang='lat' dir='ltr'><strong>Iph.</strong></span> <span class='ocrx_word' id='word_1_120' title='bbox 1179 1114 1228 1155; x_wconf 85' lang='lat' dir='ltr'><strong>A.</strong></span> <span class='ocrx_word' id='word_1_121' title='bbox 1261 1117 1344 1156; x_wconf 83' lang='lat'><strong>919</strong></span> <span class='ocrx_word' id='word_1_122' title='bbox 1362 1146 1373 1164; x_wconf 95' lang='lat'><strong>,</strong></span> <span class='ocrx_word' id='word_1_123' title='bbox 1412 1109 1610 1169; x_wconf 78' lang='grc' dir='ltr'><strong><em>γυναικό-</em></strong></span> 
     </span>
     <span class='ocr_line' id='line_1_15' title="bbox 123 1178 1610 1244; baseline -0.001 -16"><span class='ocrx_word' id='word_1_124' title='bbox 123 1199 243 1243; x_wconf 82' lang='grc' dir='ltr'><strong><em>φρων</em></strong></span> <span class='ocrx_word' id='word_1_125' title='bbox 272 1178 414 1240; x_wconf 71' lang='grc' dir='ltr'><strong><em>θυμός</em></strong></span> <span class='ocrx_word' id='word_1_126' title='bbox 438 1185 532 1238; x_wconf 85' lang='lat' dir='ltr'><strong>frgt.</strong></span> <span class='ocrx_word' id='word_1_127' title='bbox 566 1186 673 1235; x_wconf 83' lang='lat'><strong>364,</strong></span> <span class='ocrx_word' id='word_1_128' title='bbox 704 1180 958 1239; x_wconf 71' lang='grc' dir='ltr'><em>βαρύθυμος</em></span> <span class='ocrx_word' id='word_1_129' title='bbox 986 1178 1089 1240; x_wconf 78' lang='grc' dir='ltr'><strong>ὀργή</strong></span> <span class='ocrx_word' id='word_1_130' title='bbox 1118 1184 1224 1225; x_wconf 85' lang='lat' dir='ltr'>Med.</span> <span class='ocrx_word' id='word_1_131' title='bbox 1257 1187 1425 1244; x_wconf 55' lang='lat'><strong>¹⁷6»⁰·²</strong></span> <span class='ocrx_word' id='word_1_132' title='bbox 1464 1183 1610 1226; x_wconf 65' lang='lat' dir='ltr'><strong>uam-</strong></span> 
     </span>
     <span class='ocr_line' id='line_1_16' title="bbox 115 1248 1612 1312; baseline -0.001 -15"><span class='ocrx_word' id='word_1_133' title='bbox 115 1252 277 1312; x_wconf 67' lang='grc' dir='ltr'><strong><em>φεγγὲς</em></strong></span> <span class='ocrx_word' id='word_1_134' title='bbox 306 1252 435 1304; x_wconf 82' lang='grc' dir='ltr'><strong><em>σέλας</em></strong></span> <span class='ocrx_word' id='word_1_135' title='bbox 461 1254 604 1295; x_wconf 79' lang='lat' dir='ltr'><strong>Troad.</strong></span> <span class='ocrx_word' id='word_1_136' title='bbox 636 1257 743 1304; x_wconf 89' lang='grc'><strong>680,</strong></span> <span class='ocrx_word' id='word_1_137' title='bbox 772 1250 1097 1308; x_wconf 80' lang='grc' dir='ltr'><strong><em>καλλιπόταμος</em></strong></span> <span class='ocrx_word' id='word_1_138' title='bbox 1132 1248 1251 1304; x_wconf 87' lang='grc' dir='ltr'><strong><em>νότις</em></strong></span> <span class='ocrx_word' id='word_1_139' title='bbox 1288 1251 1459 1305; x_wconf 70' lang='grc' dir='ltr'><strong><em>(ὕδατος</em></strong></span> <span class='ocrx_word' id='word_1_140' title='bbox 1484 1256 1612 1311; x_wconf 80' lang='grc' dir='ltr'><strong><em>ῥυτᾶς</em></strong></span> 
     </span>
     <span class='ocr_line' id='line_1_17' title="bbox 123 1318 1613 1380; baseline -0.001 -15"><span class='ocrx_word' id='word_1_141' title='bbox 123 1320 288 1380; x_wconf 80' lang='grc' dir='ltr'><strong><em>Δίρκας</em></strong></span> <span class='ocrx_word' id='word_1_142' title='bbox 299 1326 325 1377; x_wconf 77' lang='grc'><strong>1)</strong></span> <span class='ocrx_word' id='word_1_143' title='bbox 361 1324 509 1365; x_wconf 89' lang='lat' dir='ltr'><strong>Phoen.</strong></span> <span class='ocrx_word' id='word_1_144' title='bbox 540 1325 623 1364; x_wconf 71' lang='lat'><strong>545</strong></span> <span class='ocrx_word' id='word_1_145' title='bbox 652 1335 707 1373; x_wconf 82' lang='lat' dir='ltr'><strong>c.,</strong></span> <span class='ocrx_word' id='word_1_146' title='bbox 733 1318 996 1379; x_wconf 69' lang='grc' dir='ltr'><strong><em>καλλίπηχυς</em></strong></span> <span class='ocrx_word' id='word_1_147' title='bbox 1023 1319 1211 1378; x_wconf 84' lang='grc' dir='ltr'><strong><em>βραχίων</em></strong></span> <span class='ocrx_word' id='word_1_148' title='bbox 1241 1323 1385 1364; x_wconf 85' lang='lat' dir='ltr'><strong>Troad.</strong></span> <span class='ocrx_word' id='word_1_149' title='bbox 1418 1326 1531 1363; x_wconf 84' lang='lat'>1194</span> <span class='ocrx_word' id='word_1_150' title='bbox 1562 1324 1613 1363; x_wconf 88' lang='lat' dir='ltr'><strong>ab</strong></span> 
     </span>
     <span class='ocr_line' id='line_1_18' title="bbox 123 1387 1612 1448; baseline -0.001 -15"><span class='ocrx_word' id='word_1_151' title='bbox 123 1392 670 1448; x_wconf 15' lang='lat' dir='ltr'><strong>adiectivorumlsimplicium</strong></span> <span class='ocrx_word' id='word_1_152' title='bbox 689 1387 934 1447; x_wconf 76' lang='grc' dir='ltr'><strong><em>φοινίκεος,</em></strong></span> <span class='ocrx_word' id='word_1_153' title='bbox 965 1393 1223 1446; x_wconf 79' lang='grc' dir='ltr'><strong><em>γυναικεῖος,</em></strong></span> <span class='ocrx_word' id='word_1_154' title='bbox 1254 1387 1440 1448; x_wconf 64' lang='grc' dir='ltr'><strong><em>ὑψηλός,</em></strong></span> <span class='ocrx_word' id='word_1_155' title='bbox 1466 1389 1612 1447; x_wconf 82' lang='grc' dir='ltr'><strong><em>βαρύς,</em></strong></span> 
     </span>
     <span class='ocr_line' id='line_1_19' title="bbox 125 1452 1614 1514; baseline -0.001 -12"><span class='ocrx_word' id='word_1_156' title='bbox 125 1454 255 1510; x_wconf 80' lang='grc' dir='ltr'><strong><em>κακός</em></strong></span> <span class='ocrx_word' id='word_1_157' title='bbox 294 1463 369 1501; x_wconf 75' lang='lat' dir='ltr'>ete,</span> <span class='ocrx_word' id='word_1_158' title='bbox 418 1460 711 1514; x_wconf 81' lang='lat' dir='ltr'><strong>significatione</strong></span> <span class='ocrx_word' id='word_1_159' title='bbox 752 1461 830 1501; x_wconf 89' lang='grc'><strong>11011</strong></span> <span class='ocrx_word' id='word_1_160' title='bbox 872 1460 1076 1501; x_wconf 84' lang='lat' dir='ltr'><strong>recedunt.</strong></span> <span class='ocrx_word' id='word_1_161' title='bbox 1155 1452 1327 1503; x_wconf 84' lang='lat' dir='ltr'><strong>Omnino</strong></span> <span class='ocrx_word' id='word_1_162' title='bbox 1359 1461 1500 1501; x_wconf 86' lang='lat' dir='ltr'><strong>eadem</strong></span> <span class='ocrx_word' id='word_1_163' title='bbox 1531 1460 1614 1502; x_wconf 80' lang='lat' dir='ltr'><strong>‘sed</strong></span> 
     </span>
     <span class='ocr_line' id='line_1_20' title="bbox 124 1529 1614 1584; baseline 0 -13"><span class='ocrx_word' id='word_1_164' title='bbox 124 1532 259 1571; x_wconf 81' lang='lat' dir='ltr'><strong>forsan</strong></span> <span class='ocrx_word' id='word_1_165' title='bbox 287 1530 422 1584; x_wconf 89' lang='lat' dir='ltr'><strong>paullo</strong></span> <span class='ocrx_word' id='word_1_166' title='bbox 449 1530 583 1571; x_wconf 89' lang='lat' dir='ltr'><strong>mitior</strong></span> <span class='ocrx_word' id='word_1_167' title='bbox 613 1529 775 1570; x_wconf 78' lang='lat' dir='ltr'><strong>exsistit</strong></span> <span class='ocrx_word' id='word_1_168' title='bbox 813 1529 1075 1581; x_wconf 86' lang='lat' dir='ltr'><strong>abundantia,</strong></span> <span class='ocrx_word' id='word_1_169' title='bbox 1122 1531 1283 1583; x_wconf 87' lang='lat' dir='ltr'><strong>quando</strong></span> <span class='ocrx_word' id='word_1_170' title='bbox 1324 1531 1614 1571; x_wconf 85' lang='lat' dir='ltr'><strong>adiectivorum</strong></span> 
     </span>
     <span class='ocr_line' id='line_1_21' title="bbox 125 1589 1613 1655; baseline 0.001 -15"><span class='ocrx_word' id='word_1_171' title='bbox 125 1602 211 1642; x_wconf 91' lang='lat' dir='ltr'><strong>loco</strong></span> <span class='ocrx_word' id='word_1_172' title='bbox 240 1589 440 1640; x_wconf 81' lang='lat' dir='ltr'><strong>habentur</strong></span> <span class='ocrx_word' id='word_1_173' title='bbox 470 1600 664 1641; x_wconf 79' lang='lat' dir='ltr'><strong>adverbia</strong></span> <span class='ocrx_word' id='word_1_174' title='bbox 691 1600 736 1644; x_wconf 56' lang='lat' dir='ltr'><strong><em>E</em></strong></span> <span class='ocrx_word' id='word_1_175' title='bbox 764 1602 808 1641; x_wconf 86' lang='lat' dir='ltr'><strong>et</strong></span> <span class='ocrx_word' id='word_1_176' title='bbox 834 1601 920 1652; x_wconf 68' lang='grc' dir='ltr'><strong><em>ἶῐῖιξ,</em></strong></span> <span class='ocrx_word' id='word_1_177' title='bbox 958 1601 1006 1640; x_wconf 92' lang='lat' dir='ltr'><strong>ut</strong></span> <span class='ocrx_word' id='word_1_178' title='bbox 1035 1598 1077 1640; x_wconf 86' lang='lat' dir='ltr'><strong>in</strong></span> <span class='ocrx_word' id='word_1_179' title='bbox 1103 1594 1201 1654; x_wconf 85' lang='grc' dir='ltr'><strong><em>βίος</em></strong></span> <span class='ocrx_word' id='word_1_180' title='bbox 1241 1595 1429 1642; x_wconf 77' lang='grc' dir='ltr'><strong><em>δυσαίων</em></strong></span> <span class='ocrx_word' id='word_1_181' title='bbox 1471 1600 1613 1655; x_wconf 84' lang='lat' dir='ltr'><strong>Suppl.</strong></span> 
     </span>
     <span class='ocr_line' id='line_1_22' title="bbox 126 1664 1613 1727; baseline 0 -16"><span class='ocrx_word' id='word_1_182' title='bbox 126 1673 212 1711; x_wconf 88' lang='lat'><strong>960</strong></span> <span class='ocrx_word' id='word_1_183' title='bbox 232 1684 286 1721; x_wconf 91' lang='lat' dir='ltr'><strong>c.,</strong></span> <span class='ocrx_word' id='word_1_184' title='bbox 318 1665 540 1712; x_wconf 66' lang='grc' dir='ltr'><strong><em>εὕδειπνὸι</em></strong></span> <span class='ocrx_word' id='word_1_185' title='bbox 569 1667 715 1720; x_wconf 80' lang='grc' dir='ltr'><strong><em>δαῖτες</em></strong></span> <span class='ocrx_word' id='word_1_186' title='bbox 743 1669 851 1710; x_wconf 84' lang='lat' dir='ltr'>Med.</span> <span class='ocrx_word' id='word_1_187' title='bbox 873 1671 960 1710; x_wconf 75' lang='grc'><strong>200</strong></span> <span class='ocrx_word' id='word_1_188' title='bbox 988 1682 1071 1720; x_wconf 75' lang='lat' dir='ltr'><strong>au,</strong></span> <span class='ocrx_word' id='word_1_189' title='bbox 1100 1664 1298 1726; x_wconf 80' lang='grc' dir='ltr'><strong><em>εὖπήχεις</em></strong></span> <span class='ocrx_word' id='word_1_190' title='bbox 1326 1671 1465 1727; x_wconf 81' lang='grc' dir='ltr'><strong><em>χεῖρες</em></strong></span> <span class='ocrx_word' id='word_1_191' title='bbox 1491 1670 1613 1725; x_wconf 88' lang='lat' dir='ltr'><strong>Hipp.</strong></span> 
     </span>
     <span class='ocr_line' id='line_1_23' title="bbox 127 1737 1614 1789; baseline 0.003 -11"><span class='ocrx_word' id='word_1_192' title='bbox 127 1742 212 1779; x_wconf 85' lang='lat'><strong>200</strong></span> <span class='ocrx_word' id='word_1_193' title='bbox 244 1753 306 1779; x_wconf 87' lang='lat' dir='ltr'><strong>an.</strong></span> <span class='ocrx_word' id='word_1_194' title='bbox 361 1739 449 1779; x_wconf 81' lang='lat' dir='ltr'><strong>Nec</strong></span> <span class='ocrx_word' id='word_1_195' title='bbox 477 1752 574 1778; x_wconf 85' lang='lat' dir='ltr'><strong>vero</strong></span> <span class='ocrx_word' id='word_1_196' title='bbox 603 1740 691 1779; x_wconf 89' lang='lat' dir='ltr'><strong>sola</strong></span> <span class='ocrx_word' id='word_1_197' title='bbox 719 1739 957 1779; x_wconf 84' lang='lat' dir='ltr'><strong>attributiva</strong></span> <span class='ocrx_word' id='word_1_198' title='bbox 973 1737 1002 1789; x_wconf 91' lang='lat'><strong>¹)</strong></span> <span class='ocrx_word' id='word_1_199' title='bbox 1033 1737 1250 1779; x_wconf 88' lang='lat' dir='ltr'><strong>admittunt</strong></span> <span class='ocrx_word' id='word_1_200' title='bbox 1276 1740 1379 1781; x_wconf 87' lang='lat' dir='ltr'><strong>hanc</strong></span> <span class='ocrx_word' id='word_1_201' title='bbox 1407 1742 1614 1782; x_wconf 85' lang='lat' dir='ltr'><strong>abundan-</strong></span> 
     </span>
     <span class='ocr_line' id='line_1_24' title="bbox 127 1803 1614 1864; baseline 0.002 -16"><span class='ocrx_word' id='word_1_202' title='bbox 127 1808 247 1858; x_wconf 90' lang='lat' dir='ltr'><strong>tiam,</strong></span> <span class='ocrx_word' id='word_1_203' title='bbox 277 1808 349 1848; x_wconf 90' lang='lat' dir='ltr'><strong>sed</strong></span> <span class='ocrx_word' id='word_1_204' title='bbox 378 1807 500 1849; x_wconf 87' lang='lat' dir='ltr'><strong>etiam</strong></span> <span class='ocrx_word' id='word_1_205' title='bbox 527 1810 669 1862; x_wconf 84' lang='lat' dir='ltr'><strong>aperta</strong></span> <span class='ocrx_word' id='word_1_206' title='bbox 696 1807 1026 1860; x_wconf 78' lang='lat' dir='ltr'><strong>determinativa,</strong></span> <span class='ocrx_word' id='word_1_207' title='bbox 1055 1803 1350 1862; x_wconf 75' lang='grc' dir='ltr'><strong>111;“μονόπαις</strong></span> <span class='ocrx_word' id='word_1_208' title='bbox 1379 1803 1507 1864; x_wconf 85' lang='grc' dir='ltr'><strong><em>κόρος</em></strong></span> <span class='ocrx_word' id='word_1_209' title='bbox 1527 1810 1614 1851; x_wconf 82' lang='lat' dir='ltr'><strong>Alc.</strong></span> 
     </span>
     <span class='ocr_line' id='line_1_25' title="bbox 127 1871 1616 1933; baseline 0.001 -15"><span class='ocrx_word' id='word_1_210' title='bbox 127 1880 211 1918; x_wconf 85' lang='lat'><strong>906</strong></span> <span class='ocrx_word' id='word_1_211' title='bbox 241 1890 273 1917; x_wconf 90' lang='lat' dir='ltr'><strong>c.</strong></span> <span class='ocrx_word' id='word_1_212' title='bbox 286 1909 297 1927; x_wconf 93' lang='lat'><strong>,</strong></span> <span class='ocrx_word' id='word_1_213' title='bbox 331 1871 558 1933; x_wconf 69' lang='grc' dir='ltr'><strong><em>θηλύπους</em></strong></span> <span class='ocrx_word' id='word_1_214' title='bbox 593 1871 725 1931; x_wconf 81' lang='grc' dir='ltr'><strong><em>βάσις</em></strong></span> <span class='ocrx_word' id='word_1_215' title='bbox 761 1876 850 1930; x_wconf 89' lang='lat' dir='ltr'><strong>Iph.</strong></span> <span class='ocrx_word' id='word_1_216' title='bbox 890 1877 939 1917; x_wconf 88' lang='lat' dir='ltr'><strong>A.</strong></span> <span class='ocrx_word' id='word_1_217' title='bbox 970 1880 1052 1917; x_wconf 88' lang='lat'><strong>421</strong></span> <span class='ocrx_word' id='word_1_218' title='bbox 1075 1877 1107 1930; x_wconf 73' lang='grc'><strong>2)</strong></span> <span class='ocrx_word' id='word_1_219' title='bbox 1120 1909 1131 1927; x_wconf 88' lang='grc'><strong>,</strong></span> <span class='ocrx_word' id='word_1_220' title='bbox 1157 1879 1201 1918; x_wconf 88' lang='lat' dir='ltr'><strong>et</strong></span> <span class='ocrx_word' id='word_1_221' title='bbox 1231 1875 1447 1929; x_wconf 88' lang='lat' dir='ltr'><strong>obiectiva‚</strong></span> <span class='ocrx_word' id='word_1_222' title='bbox 1484 1880 1616 1920; x_wconf 83' lang='lat' dir='ltr'><strong>rarius</strong></span> 
     </span>
     <span class='ocr_line' id='line_1_26' title="bbox 126 1937 1615 2004; baseline 0.001 -16"><span class='ocrx_word' id='word_1_223' title='bbox 126 1948 168 1988; x_wconf 92' lang='lat' dir='ltr'><strong>in</strong></span> <span class='ocrx_word' id='word_1_224' title='bbox 195 1947 341 2000; x_wconf 83' lang='lat' dir='ltr'><strong>quibus</strong></span> <span class='ocrx_word' id='word_1_225' title='bbox 369 1946 532 1987; x_wconf 84' lang='lat' dir='ltr'><strong>dativus</strong></span> <span class='ocrx_word' id='word_1_226' title='bbox 558 1946 710 2001; x_wconf 86' lang='lat' dir='ltr'>pendet</span> <span class='ocrx_word' id='word_1_227' title='bbox 739 1940 1032 2003; x_wconf 70' lang='grc' dir='ltr'><strong><em>δοριθήρατος</em></strong></span> <span class='ocrx_word' id='word_1_228' title='bbox 1059 1941 1211 2003; x_wconf 82' lang='grc' dir='ltr'><strong><em>λόγχης</em></strong></span> <span class='ocrx_word' id='word_1_229' title='bbox 1240 1937 1372 2004; x_wconf 67' lang='grc' dir='ltr'><strong>(1ἱᾴμῇ</strong></span> <span class='ocrx_word' id='word_1_230' title='bbox 1400 1947 1499 1989; x_wconf 88' lang='lat' dir='ltr'><strong>Hec.</strong></span> <span class='ocrx_word' id='word_1_231' title='bbox 1526 1951 1615 1990; x_wconf 88' lang='grc'><strong>100</strong></span> 
     </span>
     <span class='ocr_line' id='line_1_27' title="bbox 127 2012 1614 2069; baseline 0.002 -13"><span class='ocrx_word' id='word_1_232' title='bbox 127 2029 213 2069; x_wconf 55' lang='lat' dir='ltr'><strong>an„</strong></span> <span class='ocrx_word' id='word_1_233' title='bbox 246 2016 408 2069; x_wconf 86' lang='lat' dir='ltr'><strong>saepius</strong></span> <span class='ocrx_word' id='word_1_234' title='bbox 437 2015 479 2055; x_wconf 90' lang='grc'><strong>111</strong></span> <span class='ocrx_word' id='word_1_235' title='bbox 509 2015 653 2069; x_wconf 87' lang='lat' dir='ltr'><strong>quibus</strong></span> <span class='ocrx_word' id='word_1_236' title='bbox 683 2016 960 2065; x_wconf 86' lang='lat' dir='ltr'><strong>accusativus,</strong></span> <span class='ocrx_word' id='word_1_237' title='bbox 989 2012 1036 2055; x_wconf 84' lang='lat' dir='ltr'><strong>ut</strong></span> <span class='ocrx_word' id='word_1_238' title='bbox 1066 2016 1197 2056; x_wconf 92' lang='lat' dir='ltr'><strong>locum</strong></span> <span class='ocrx_word' id='word_1_239' title='bbox 1227 2017 1397 2069; x_wconf 85' lang='lat' dir='ltr'><strong>genitivi</strong></span> <span class='ocrx_word' id='word_1_240' title='bbox 1427 2018 1614 2059; x_wconf 84' lang='lat' dir='ltr'><strong>obiectivi</strong></span> 
     </span>
     <span class='ocr_line' id='line_1_28' title="bbox 126 2080 1614 2146; baseline 0.001 -19"><span class='ocrx_word' id='word_1_241' title='bbox 126 2087 236 2127; x_wconf 89' lang='lat' dir='ltr'><strong>notio</strong></span> <span class='ocrx_word' id='word_1_242' title='bbox 262 2086 376 2127; x_wconf 91' lang='lat' dir='ltr'><strong>verbi</strong></span> <span class='ocrx_word' id='word_1_243' title='bbox 409 2086 606 2126; x_wconf 87' lang='lat' dir='ltr'><strong>obtineat:</strong></span> <span class='ocrx_word' id='word_1_244' title='bbox 634 2085 939 2137; x_wconf 79' lang='grc' dir='ltr'><strong><em>στερνοτυπεῖς</em></strong></span> <span class='ocrx_word' id='word_1_245' title='bbox 959 2080 1115 2126; x_wconf 79' lang='grc' dir='ltr'><strong><em>κτύποι</em></strong></span> <span class='ocrx_word' id='word_1_246' title='bbox 1136 2083 1274 2140; x_wconf 85' lang='lat' dir='ltr'><strong>Suppl.</strong></span> <span class='ocrx_word' id='word_1_247' title='bbox 1296 2088 1379 2128; x_wconf 81' lang='lat'><strong>604</strong></span> <span class='ocrx_word' id='word_1_248' title='bbox 1399 2098 1453 2139; x_wconf 85' lang='lat' dir='ltr'><strong>c.,</strong></span> <span class='ocrx_word' id='word_1_249' title='bbox 1483 2084 1614 2146; x_wconf 75' lang='grc' dir='ltr'><strong><em>φοναὶ</em></strong></span> 
     </span>
     <span class='ocr_line' id='line_1_29' title="bbox 126 2145 1617 2212; baseline 0.003 -18"><span class='ocrx_word' id='word_1_250' title='bbox 126 2151 386 2212; x_wconf 71' lang='grc' dir='ltr'><strong><em>θηροκτόνοι</em></strong></span> <span class='ocrx_word' id='word_1_251' title='bbox 418 2154 510 2194; x_wconf 87' lang='grc' dir='ltr'><strong>Η81.</strong></span> <span class='ocrx_word' id='word_1_252' title='bbox 547 2156 652 2205; x_wconf 84' lang='lat'><strong>154,</strong></span> <span class='ocrx_word' id='word_1_253' title='bbox 687 2145 796 2207; x_wconf 86' lang='grc' dir='ltr'><strong><em>αἷμα</em></strong></span> <span class='ocrx_word' id='word_1_254' title='bbox 841 2150 1113 2210; x_wconf 77' lang='grc' dir='ltr'><strong><em>παιδοφόνον</em></strong></span> <span class='ocrx_word' id='word_1_255' title='bbox 1147 2154 1266 2196; x_wconf 91' lang='lat' dir='ltr'><strong>Herc.</strong></span> <span class='ocrx_word' id='word_1_256' title='bbox 1304 2156 1329 2196; x_wconf 85' lang='lat' dir='ltr'><strong>f.</strong></span> <span class='ocrx_word' id='word_1_257' title='bbox 1361 2159 1469 2197; x_wconf 84' lang='lat'>1201</span> <span class='ocrx_word' id='word_1_258' title='bbox 1503 2171 1535 2198; x_wconf 87' lang='lat' dir='ltr'><strong>c.</strong></span> <span class='ocrx_word' id='word_1_259' title='bbox 1574 2161 1617 2199; x_wconf 87' lang='lat' dir='ltr'><strong>et</strong></span> 
     </span>
     <span class='ocr_line' id='line_1_30' title="bbox 128 2215 1615 2282; baseline 0.001 -16"><span class='ocrx_word' id='word_1_260' title='bbox 128 2224 254 2266; x_wconf 86' lang='lat' dir='ltr'><strong>sicubi</strong></span> <span class='ocrx_word' id='word_1_261' title='bbox 280 2227 494 2279; x_wconf 87' lang='lat' dir='ltr'><strong>praeterea</strong></span> <span class='ocrx_word' id='word_1_262' title='bbox 530 2215 640 2278; x_wconf 87' lang='grc' dir='ltr'><strong><em>αἷμα</em></strong></span> <span class='ocrx_word' id='word_1_263' title='bbox 677 2224 880 2265; x_wconf 90' lang='lat' dir='ltr'><strong>notionem</strong></span> <span class='ocrx_word' id='word_1_264' title='bbox 916 2223 1284 2278; x_wconf 61' lang='lat' dir='ltr'><strong>caedzkadsciscit,</strong></span> <span class='ocrx_word' id='word_1_265' title='bbox 1321 2230 1369 2267; x_wconf 90' lang='lat' dir='ltr'><strong>ut</strong></span> <span class='ocrx_word' id='word_1_266' title='bbox 1396 2231 1615 2282; x_wconf 83' lang='lat' dir='ltr'><strong>paroxyto—</strong></span> 
     </span>
     <span class='ocr_line' id='line_1_31' title="bbox 128 2294 1615 2353; baseline 0.002 -17"><span class='ocrx_word' id='word_1_267' title='bbox 128 2295 239 2336; x_wconf 88' lang='lat' dir='ltr'><strong>nesis</strong></span> <span class='ocrx_word' id='word_1_268' title='bbox 269 2294 546 2349; x_wconf 82' lang='lat' dir='ltr'><strong>praeoptanda</strong></span> <span class='ocrx_word' id='word_1_269' title='bbox 573 2294 648 2345; x_wconf 89' lang='lat' dir='ltr'><strong>sit,</strong></span> <span class='ocrx_word' id='word_1_270' title='bbox 686 2294 736 2335; x_wconf 92' lang='lat' dir='ltr'><strong>de</strong></span> <span class='ocrx_word' id='word_1_271' title='bbox 772 2307 853 2348; x_wconf 88' lang='lat' dir='ltr'><strong>qua</strong></span> <span class='ocrx_word' id='word_1_272' title='bbox 889 2294 1128 2335; x_wconf 84' lang='lat' dir='ltr'><strong>diversitate</strong></span> <span class='ocrx_word' id='word_1_273' title='bbox 1164 2295 1437 2349; x_wconf 85' lang='lat' dir='ltr'><strong>copiosissime</strong></span> <span class='ocrx_word' id='word_1_274' title='bbox 1477 2298 1615 2353; x_wconf 90' lang='lat' dir='ltr'><strong>dispu-</strong></span> 
     </span>
     <span class='ocr_line' id='line_1_32' title="bbox 128 2364 1616 2423; baseline 0.003 -19"><span class='ocrx_word' id='word_1_275' title='bbox 128 2364 230 2405; x_wconf 86' lang='lat' dir='ltr'><strong>tavit</strong></span> <span class='ocrx_word' id='word_1_276' title='bbox 259 2364 432 2404; x_wconf 91' lang='lat' dir='ltr'><strong>Lobeck.</strong></span> <span class='ocrx_word' id='word_1_277' title='bbox 463 2364 527 2418; x_wconf 86' lang='lat' dir='ltr'><strong>Aj.</strong></span> <span class='ocrx_word' id='word_1_278' title='bbox 556 2378 593 2418; x_wconf 90' lang='lat' dir='ltr'><strong>p.</strong></span> <span class='ocrx_word' id='word_1_279' title='bbox 624 2366 721 2404; x_wconf 87' lang='lat'><strong>228.</strong></span> <span class='ocrx_word' id='word_1_280' title='bbox 782 2364 901 2405; x_wconf 82' lang='lat' dir='ltr'><strong>Nunc</strong></span> <span class='ocrx_word' id='word_1_281' title='bbox 926 2365 1100 2405; x_wconf 87' lang='lat' dir='ltr'><strong>fructum</strong></span> <span class='ocrx_word' id='word_1_282' title='bbox 1127 2366 1332 2419; x_wconf 80' lang='lat' dir='ltr'><strong>capiamus</strong></span> <span class='ocrx_word' id='word_1_283' title='bbox 1352 2381 1492 2409; x_wconf 90' lang='lat' dir='ltr'><strong>eorum</strong></span> <span class='ocrx_word' id='word_1_284' title='bbox 1513 2383 1616 2423; x_wconf 88' lang='lat' dir='ltr'><strong>quae</strong></span> 
     </span>
     <span class='ocr_line' id='line_1_33' title="bbox 127 2433 1616 2488; baseline 0.004 -14"><span class='ocrx_word' id='word_1_285' title='bbox 127 2433 356 2474; x_wconf 84' lang='lat' dir='ltr'><strong>attulimus:</strong></span> <span class='ocrx_word' id='word_1_286' title='bbox 395 2433 584 2475; x_wconf 87' lang='lat' dir='ltr'><strong>nimirum</strong></span> <span class='ocrx_word' id='word_1_287' title='bbox 624 2434 856 2488; x_wconf 86' lang='lat' dir='ltr'>expendere</span> <span class='ocrx_word' id='word_1_288' title='bbox 894 2434 1093 2476; x_wconf 80' lang='lat' dir='ltr'><strong>debemus</strong></span> <span class='ocrx_word' id='word_1_289' title='bbox 1125 2435 1310 2477; x_wconf 88' lang='lat' dir='ltr'><strong>notiones</strong></span> <span class='ocrx_word' id='word_1_290' title='bbox 1348 2439 1616 2479; x_wconf 85' lang='lat' dir='ltr'><strong>membrorum</strong></span> 
     </span>
     <span class='ocr_line' id='line_1_34' title="bbox 127 2494 1615 2561; baseline 0.004 -19"><span class='ocrx_word' id='word_1_291' title='bbox 127 2502 357 2556; x_wconf 82' lang='lat' dir='ltr'><strong>compositi,</strong></span> <span class='ocrx_word' id='word_1_292' title='bbox 383 2515 435 2542; x_wconf 91' lang='lat' dir='ltr'><strong>ne</strong></span> <span class='ocrx_word' id='word_1_293' title='bbox 464 2502 505 2543; x_wconf 92' lang='lat' dir='ltr'><strong>in</strong></span> <span class='ocrx_word' id='word_1_294' title='bbox 534 2503 583 2543; x_wconf 86' lang='lat' dir='ltr'><strong>iis</strong></span> <span class='ocrx_word' id='word_1_295' title='bbox 616 2503 901 2545; x_wconf 83' lang='lat' dir='ltr'><strong>abundantiam</strong></span> <span class='ocrx_word' id='word_1_296' title='bbox 927 2494 1063 2544; x_wconf 79' lang='lat' dir='ltr'><strong>inesse</strong></span> <span class='ocrx_word' id='word_1_297' title='bbox 1094 2507 1343 2557; x_wconf 85' lang='lat' dir='ltr'><strong>statuamus,</strong></span> <span class='ocrx_word' id='word_1_298' title='bbox 1384 2521 1486 2561; x_wconf 86' lang='lat' dir='ltr'><strong>quae</strong></span> <span class='ocrx_word' id='word_1_299' title='bbox 1519 2512 1615 2548; x_wconf 88' lang='lat' dir='ltr'><strong>sunt</strong></span> 
     </span>
    </p>
   </div>
   <div class='ocr_carea' id='block_1_3' title="bbox 148 2609 489 2615">
    <p class='ocr_par' dir='ltr' id='par_1_3' title="bbox 148 2609 489 2615">
     <span class='ocr_line' id='line_1_35' title="bbox 148 2609 489 2615; baseline 0 0"><span class='ocrx_word' id='word_1_300' title='bbox 148 2609 489 2615; x_wconf 95' lang='lat' dir='ltr'><strong> </strong></span> 
     </span>
    </p>
   </div>
   <div class='ocr_carea' id='block_1_4' title="bbox 127 2674 1616 2849">
    <p class='ocr_par' dir='ltr' id='par_1_4' title="bbox 127 2674 1616 2849">
     <span class='ocr_line' id='line_1_36' title="bbox 222 2674 1616 2725; baseline 0.004 -13"><span class='ocrx_word' id='word_1_301' title='bbox 222 2676 258 2722; x_wconf 92' lang='lat'><strong>1)</strong></span> <span class='ocrx_word' id='word_1_302' title='bbox 290 2674 472 2722; x_wconf 84' lang='lat' dir='ltr'><strong>Siquidem</strong></span> <span class='ocrx_word' id='word_1_303' title='bbox 502 2675 647 2711; x_wconf 81' lang='lat' dir='ltr'><strong>omnino</strong></span> <span class='ocrx_word' id='word_1_304' title='bbox 678 2677 767 2712; x_wconf 72' lang='lat' dir='ltr'><strong>sunt</strong></span> <span class='ocrx_word' id='word_1_305' title='bbox 799 2676 1031 2713; x_wconf 84' lang='lat' dir='ltr'><strong>attributiva:</strong></span> <span class='ocrx_word' id='word_1_306' title='bbox 1064 2676 1124 2714; x_wconf 82' lang='lat' dir='ltr'><strong>hic</strong></span> <span class='ocrx_word' id='word_1_307' title='bbox 1152 2677 1247 2714; x_wconf 89' lang='lat' dir='ltr'><strong>enim</strong></span> <span class='ocrx_word' id='word_1_308' title='bbox 1271 2678 1437 2725; x_wconf 88' lang='lat' dir='ltr'><strong>inprimis</strong></span> <span class='ocrx_word' id='word_1_309' title='bbox 1467 2679 1616 2717; x_wconf 82' lang='lat' dir='ltr'><strong>difficile</strong></span> 
     </span>
     <span class='ocr_line' id='line_1_37' title="bbox 128 2733 1615 2781; baseline 0.005 -12"><span class='ocrx_word' id='word_1_310' title='bbox 128 2736 185 2770; x_wconf 84' lang='lat' dir='ltr'><strong>est</strong></span> <span class='ocrx_word' id='word_1_311' title='bbox 216 2734 402 2780; x_wconf 87' lang='lat' dir='ltr'><strong>utriusque</strong></span> <span class='ocrx_word' id='word_1_312' title='bbox 434 2733 576 2780; x_wconf 77' lang='lat' dir='ltr'><strong>generis</strong></span> <span class='ocrx_word' id='word_1_313' title='bbox 620 2734 802 2778; x_wconf 83' lang='lat' dir='ltr'><strong>(attribut.</strong></span> <span class='ocrx_word' id='word_1_314' title='bbox 836 2738 874 2772; x_wconf 85' lang='lat' dir='ltr'><strong>et</strong></span> <span class='ocrx_word' id='word_1_315' title='bbox 908 2735 1071 2781; x_wconf 83' lang='lat' dir='ltr'><strong>determ.)</strong></span> <span class='ocrx_word' id='word_1_316' title='bbox 1108 2739 1224 2774; x_wconf 82' lang='lat' dir='ltr'><strong>certos</strong></span> <span class='ocrx_word' id='word_1_317' title='bbox 1261 2736 1351 2775; x_wconf 80' lang='lat' dir='ltr'><strong>fines</strong></span> <span class='ocrx_word' id='word_1_318' title='bbox 1386 2739 1615 2778; x_wconf 84' lang='lat' dir='ltr'><strong>constituere.</strong></span> 
     </span>
     <span class='ocr_line' id='line_1_38' title="bbox 127 2791 1276 2849; baseline 0.004 -24"><span class='ocrx_word' id='word_1_319' title='bbox 127 2791 164 2836; x_wconf 81' lang='lat'><strong>2)</strong></span> <span class='ocrx_word' id='word_1_320' title='bbox 188 2791 240 2826; x_wconf 87' lang='lat' dir='ltr'><strong>Ex</strong></span> <span class='ocrx_word' id='word_1_321' title='bbox 261 2791 442 2837; x_wconf 83' lang='lat' dir='ltr'><strong>adespotis</strong></span> <span class='ocrx_word' id='word_1_322' title='bbox 464 2791 551 2837; x_wconf 81' lang='lat' dir='ltr'><strong>frgt.</strong></span> <span class='ocrx_word' id='word_1_323' title='bbox 575 2791 646 2828; x_wconf 84' lang='lat'><strong>458</strong></span> <span class='ocrx_word' id='word_1_324' title='bbox 671 2793 818 2829; x_wconf 81' lang='lat' dir='ltr'><strong>accedat</strong></span> <span class='ocrx_word' id='word_1_325' title='bbox 842 2792 1134 2849; x_wconf 63' lang='grc' dir='ltr'><strong><em>πυκνόᾳ-θαλμοι</em></strong></span> <span class='ocrx_word' id='word_1_326' title='bbox 1163 2793 1276 2843; x_wconf 75' lang='grc' dir='ltr'><strong><em>κόραι.</em></strong></span> 
     </span>
    </p>
   </div>
  </div>
 </body>
</html>
