1857 3133
1531 144 1604 200 ¹91

125 256 314 324 ᾳκάπτω
343 264 427 315 tor,
458 263 493 305 si
520 262 728 319 Euripidis
760 263 847 313 ost,
883 272 1005 315 quum
1032 261 1181 304 habeat
1207 260 1331 305 etiam
1356 259 1611 309 Andocidem

125 327 443 387 ὕπεκλαμβᾶνω
461 332 485 359 *
510 333 631 374 Hero.
660 334 686 373 f.
716 335 821 381 997,
847 326 1120 383 ὕπεξαντλέω
1137 331 1163 358 *
1192 331 1277 374 Ιοιι.
1312 334 1417 383 927,
1446 326 1610 382 ἐπεξα-

125 396 257 457 κρίζω
274 400 301 428 *
320 395 471 445 Enoch.
506 404 601 445 673.
616 399 649 454 ')

493 537 529 584 g.
555 536 609 574 10.
656 534 724 572 m.
764 533 923 571 Verba
949 534 1234 581 synthetast)

238 631 396 689 Horum
435 631 587 688 triplex
625 631 767 673 classis
804 614 887 673 e‘st:
927 642 1022 671 nam
1063 633 1135 670 aut
1172 644 1317 672 nomen
1347 636 1419 673 aut
1442 644 1610 686 praepo-

123 702 217 743 sitio
247 705 319 757 aut
347 692 585 744 adverbium
615 704 680 743 est
708 690 943 743 membrum
963 699 1225 755 praecedens.
1283 700 1437 756 Incipio
1469 701 1611 753 abiis,

122 768 165 812 in
186 767 338 825 'quibus
367 761 589 813 membrum
617 769 865 826 praecedens
897 776 1077 811 nomen
1116 771 1191 810 est.
1249 768 1479 823 Aeschyleo.
1519 773 1615 809 sunt

122 837 383 897 νυκτηγορέω
426 841 552 882 Rhes.
593 844 667 891 89,
717 835 1036 895 θρασυστομέω
1074 839 1174 882 Heo.
1213 842 1345 892 1286,
1385 836 1613 896 ἐλευθερο-

124 902 297 965 στομὲω
325 908 451 951 Andr.
475 910 579 961 153,
605 903 857 967 κρεοκοπὲω
877 907 989 966 Oyol.
1012 910 1116 960 359,
1145 905 1444 966 μητροκτονέω
1477 908 1611 949 Orest.

126 981 210 1019 887
241 979 312 1029 aL,
338 993 431 1021 oum
461 978 659 1033 Sophocle
697 991 907 1020 commune
948 974 1219 1037 διφρηλατέω
1246 978 1312 1034 Aj.
1345 981 1451 1031 845,
1486 978 1613 1021 Rhes.

128 1047 234 1100 781,
275 1060 327 1089 ne
355 1039 671 1104 ἀνθυπουργὲω
701 1046 891 1098 afferam,
934 1046 1039 1101 quod
1071 1046 1192 1089 etiam
1229 1047 1272 1088 in
1299 1047 1508 1089 Herodoto
1534 1048 1616 1099 ΠΙ,

126 1120 211 1159 133
242 1120 316 1158 est.
375 1117 580 1172 Euripidis
606 1120 703 1170 sunt
732 1116 899 1171 viginti:
933 1116 1194 1172 βουσφαγὲω
1213 1115 1237 1141 *
1273 1116 1336 1159 El.
1369 1120 1473 1169 627,
1510 1118 1615 1172 βου-

124 1181 300 1244 φορβέω
315 1184 340 1211 *
374 1186 460 1229 Alo.
494 1188 540 1238 8,
578 1177 975 1242 ἆνθρωποσφαγέω
993 1183 1019 1209 *
1055 1184 1155 1226 Hec.
1186 1188 1290 1238 260,
1326 1180 1614 1244 ἀστραπηφο-

125 1252 210 1312 ρὲω
229 1255 253 1282 *
281 1257 376 1310 frgt.
397 1259 507 1308 314,
547 1251 907 1319 ἡγιοστροφέωῇ
936 1255 1085 1297 Phoen.
1109 1259 1215 1313 172,
1244 1256 1342 1310 Lyc.
1365 1259 1473 1307 166,
1500 1256 1615 1312 Byz„

125 1321 412 1381 θεσμοποιέω
433 1324 457 1350 *
486 1324 636 1367 Phoen.
660 1325 771 1365 1645
794 1324 902 1381 loyes
920 1323 1066 1376 condo,
1086 1321 1375 1388 quomoqe'w
1392 1324 1442 1350 **
1469 1325 1614 1367 Baooh.

126 1398 212 1436 557
234 1409 267 1435 c.
287 1392 495 1447 θιάσους,
526 1396 633 1449 quod
661 1395 867 1449 explicant
894 1383 1077 1449 thyrsum
1104 1409 1249 1449 yet-ens
1279 1398 1479 1452 cony'reyo
1499 1396 1616 1438 Diod.

125 1462 201 1516 IV,
222 1467 261 1516 3,
289 1456 525 1522 θρηνῴὸἑω
544 1462 594 1488 **
623 1462 711 1519 Iph.
734 1462 781 1505 A.
806 1465 931 1514 1176,
958 1458 1176 1519 Epiphau,
1205 1464 1255 1504 al.
1264 1462 1552 1522 ,κενοταφεω
1566 1465 1616 1491 **

127 1533 217 1574 Hel.
240 1535 365 1585 1060,
394 1536 520 1585 1546,
538 1534 642 1574 Plut.
658 1533 772 1573 ‘Mon
799 1536 912 1573 1190
933 1531 977 1584 O,
1020 1529 1259 1589 νικηφορέω
1277 1532 1302 1559 '¹‘
1328 1533 1473 1577 Bacch.
1500 1539 1613 1577 1147

127 1603 223 1657 (vid.
262 1603 361 1644 Lob.
397 1602 545 1659 Phryn.
586 1616 624 1658 p.
660 1602 781 1655 635),
817 1597 1104 1659 ξενοταφέω*
1139 1601 1228 1657 Iph.
1266 1602 1310 1644 T.
1343 1606 1477 1656 1021,
1509 1619 1613 1659 νυμ-
1701 1626 1713 1639 0

127 1669 329 1728 φοκομὲω
349 1671 373 1697 *
410 1672 519 1713 Med.
548 1674 631 1713 985
663 1685 695 1712 e.
734 1672 923 1721 intrans„
949 1670 1073 1712 Anth.
1111 1671 1223 1713 Plan.
1257 1676 1363 1724 147,
1395 1677 1420 1715 6
1451 1675 1616 1728 (aliter),

127 1737 428 1784 παιδοκτονὲω
444 1739 494 1767 **
523 1740 644 1783 Hero.
673 1741 699 1782 f.
735 1742 873 1792 1280,
900 1738 1027 1792 Patr„
1053 1738 1369 1799 natdovqye'w'f
1398 1742 1484 1785 Ion.
1519 1746 1614 1798 175,

128 1804 345 1853 οἶοπολὲω
358 1809 409 1836 **
462 1810 575 1864 Cyol.
617 1813 701 1851 174
732 1823 786 1861 0.,
829 1809 952 1851 Anth.
984 1809 1092 1860 VII,
1136 1813 1242 1861 657,
1282 1816 1304 1852 1
1345 1813 1417 1853 vix
1453 1814 1615 1855 diverso

128 1878 368 1934 significatu,
399 1871 681 1934 σεμνομυθέω
699 1877 749 1904 **
778 1878 899 1934 Hipp.
918 1881 1005 1920 490
1013 1885 1043 1930 ,““
1052 1879 1178 1921 Andr.
1198 1882 1301 1933 243,
1333 1881 1466 1934 Philo,
1493 1882 1614 1925 Suid:

129 1950 477 2005 σεμνομυθοῢσιν
517 1943 932 2007 ὕπερηφανεύονται,
975 1947 1242 2007 τροχηλατέω
1263 1947 1301 1976 *’
1330 1951 1398 1993 Or.
1436 1957 1512 2005 36,
1551 1955 1614 1995 El.

130 2023 242 2061 1253
273 2020 451 2074 Hesyoh.
488 2020 620 2070 Phot,
659 2008 931 2075 κωπηλατέω
944 2017 994 2046 **
1029 2018 1139 2076 Cyol.
1169 2022 1275 2072 461,
1309 2024 1403 2063 met.
1437 2022 1534 2065 Luc.
1562 2023 1614 2066 V.

127 2088 257 2143 H.1‚
301 2091 378 2141 40,
428 2088 568 2144 Polyb.
606 2087 650 2140 Ι,
693 2091 744 2129 21
787 2083 1221 2141 a1„olwvooxom'm
1241 2089 1314 2116 **
1334 2091 1480 2133 Baooh.
1518 2095 1616 2144 347,

127 2159 275 2201 Phoen.
299 2162 403 2210 956,
429 2159 591 2213 Ioseph.
610 2158 659 2199 A.
683 2158 715 2198 Ι.
748 2162 823 2209 18,
844 2162 893 2220 5,
920 2145 963 2208 3;
995 2144 1100 2199 addo
1117 2160 1261 2211 etiam,
1290 2162 1395 2215 quod
1417 2176 1616 2216 nusquam

128 2232 293 2269 exstare
318 2231 481 2283 praeter
511 2229 620 2269 locos
648 2228 892 2283 Euripideos
921 2231 1030 2269 certe
1070 2228 1294 2270 mirandum
1334 2233 1399 2271 est
1438 2230 1617 2288 κλῃδου-

124 2295 210 2351 χέω
230 2297 254 2324 *
292 2297 380 2352 Iph.
417 2298 463 2339 Τ.
503 2301 614 2340 1463
650 2300 714 2348 ot,
761 2298 840 2339 nisi
881 2298 1104 2339 Hel-manni
1147 2300 1419 2343 coniecturam
1457 2303 1617 2357 probae,

127 2366 246 2408 Herc.
287 2367 361 2408 fur.
395 2370 529 2420 1288,
569 2368 654 2409 Ioh.
697 2366 907 2424 Chrysost.
966 2367 1034 2425 Ex
1063 2368 1201 2411 Rheso
1236 2373 1401 2426 praeter
1435 2386 1615 2428 καρατο-

128 2433 219 2493 μέω
238 2435 289 2464 **
324 2436 448 2480 Rhes.
482 2440 588 2491 586,
627 2439 732 2494 quod
762 2438 861 2481 satis
888 2431 1011 2507 'saope
1040 2439 1148 2495 apud
1176 2442 1423 2496 posteriores
1455 2443 1617 2497 legitur,

148 2649 152 2652 ῃ
224 2606 260 2653 1)
285 2605 392 2642 Mitto
417 2606 623 2652 vulgatiora
647 2608 689 2642 ut
712 2607 940 2656 ἑπεισφρέω,
967 2608 1204 2658 ἐγκαθιδρύω
1229 2610 1265 2645 et
1281 2608 1510 2656 desperatum
1525 2610 1617 2647 illud

131 2662 446 2712 ἀντεμμάσασθαι
469 2663 557 2711 frgt.
582 2664 663 2707 614,
688 2663 783 2711 quod
806 2665 959 2706 omnino,
967 2664 1102 2702 ademit
1116 2665 1279 2712 Euripidi
1294 2665 1478 2702 Nauckius
1493 2677 1617 2704 assen-

127 2721 243 2758 tiente
270 2721 467 2758 Schmidtio
502 2721 549 2757 ad
572 2722 725 2768 Hesyoh.
866 2723 904 2770 2)
928 2723 1047 2759 Verba
1078 2725 1248 2771 syntheta
1278 2726 1315 2760 et
1343 2726 1616 2772 parasyntheta‚

130 2779 299 2825 quoniam
320 2779 379 2815 vix
404 2778 643 2815 discriminari
663 2782 835 2825 possunt,
862 2791 934 2817 una
957 2784 1208 2826 proponentur.
