1857 3133
237 111 292 149 96

234 239 380 280 reapse
417 227 550 269 aliena
587 227 638 268 ab
668 208 934 280 abundantia,
973 229 1086 270 velut
1116 221 1448 284 περισσόμυθος
1475 222 1602 283 λόγος
1616 228 1724 282 ,11311

234 297 312 347 53,
338 292 603 350 καλλικόμας
633 292 861 351 πλόκαμος
889 296 979 352 Ι1111.
997 297 1046 339 A.
1074 300 1187 340 1080
1208 310 1260 339 c.:
1285 298 1413 352 pluris
1440 300 1576 340 autem
1601 299 1723 340 inter-

233 367 320 416 est,
358 369 407 407 ut
435 367 669 417 videamus,
698 366 740 407 in
771 361 916 421 quibus
942 366 1089 408 finibus
1117 380 1164 408 se
1184 355 1378 408 'tenuerit
1413 367 1515 423 haec
1539 367 1722 414 licentia:

232 435 348 477 velut
377 435 612 491 Euripides,
642 436 713 491 ‚qui
742 431 1005 494 καλλίπηχυς
1036 431 1223 494 βραχίων
1251 436 1413 480 dixerat
1425 469 1443 499 ,Ι
1465 451 1546 479 11011
1574 434 1721 480 καλλί-

233 519 370 560 πηχυς
408 508 544 561 πῆχυς
581 506 658 547 sibi
701 506 923 557 concessit,
958 519 1033 546 nec
1069 508 1234 561 praeter
1269 519 1395 547 unum
1433 505 1533 548 illud
1559 500 1721 564 τυφλό-

231 569 344 625 πους
371 569 502 628 πούς,
530 577 635 631 quod
666 579 802 618 tamen
838 577 983 619 iniuria
1016 577 1273 631 impugnavit
1312 575 1499 629 Geelius‚
1545 591 1593 618 eo
1630 591 1720 631 pro·

229 658 400 698 gressus
428 648 512 697 est,
540 648 589 688 ut
615 660 669 688 ex
696 646 786 702 ipso
818 645 1072 691 substantivo
1114 645 1290 700 fingeret
1324 646 1523 689 adiectiva
1562 660 1719 702 compo-

230 715 309 755 sita
336 715 418 756 illis
447 717 664 767 attributa,
699 717 805 770 quod
842 713 1005 766 moneo,
1048 718 1095 756 ut
1129 720 1325 770 appareat
1359 717 1524 757 nimium
1565 717 1718 757 dixisse

191 806 195 810 ·
227 783 507 828 Hermannum
518 818 530 838 ,
559 785 628 840 qui
656 799 778 840 quum
796 784 958 827 lectioni
976 779 1223 842 ὑπεράνορα
1241 780 1552 841 μεγαλανορίαν
1569 785 1717 829 Ρ110011.

230 856 314 894 184
354 856 693 907 patrocinaretur,
733 855 842 895 illius
865 854 1028 912 generis
1065 857 1131 895 sat
1155 847 1284 896 multa
1312 867 1337 895 a
1365 855 1532 908 tragicis
1561 856 1717 896 indubi-

226 924 362 964 tanter
394 924 572 966 admissa
599 938 692 966 esse
717 938 799 967 non
828 927 913 966 tam
939 925 1233 966 demonstravit
1262 939 1382 979 quam
1399 926 1580 979 precario
1607 939 1715 967 sum-

226 992 288 1033 sit.
318 1016 376 1022 —
413 992 586 1035 Ceterae
626 995 902 1049 adpositiones
940 997 1012 1036 aut
1052 1008 1129 1036 non
1159 996 1255 1036 sunt
1282 994 1530 1036 abundantia
1558 996 1714 1051 conspi-

225 1075 327 1104 cuae
356 1065 429 1105 aut
457 1065 769 1119 breviloquentia
789 1067 940 1119 aperta.
990 1064 1168 1105 Primum
1189 1078 1267 1117 quo
1290 1064 1507 1106 maximam
1525 1065 1715 1119 adjectivi

224 1135 268 1173 et
299 1134 543 1174 substantivi
571 1133 779 1174 notionum
799 1134 1000 1174 unitatem
1021 1132 1199 1174 efficeret
1227 1133 1324 1185 (vid.
1344 1132 1600 1187 Bernhardyi
1619 1147 1714 1188 syn-

222 1204 304 1244 tax.
333 1216 371 1257 p.
402 1204 506 1254 426)
535 1203 733 1244 adiectivo
764 1203 987 1258 expressit¹
1005 1202 1206 1256 tragicus,
1248 1203 1357 1256 quod
1393 1204 1567 1244 debebat
1600 1205 1712 1257 geni-

221 1272 326 1323 tivo,
357 1273 681 1327 quandoquidem
719 1285 774 1313 ex
810 1272 1101 1313 adiectivorum
1139 1285 1231 1313 cum
1259 1272 1524 1314 substantivis
1553 1268 1710 1328 compo*-

221 1343 367 1384 sitione
409 1346 554 1397 poetae
603 1344 858 1384 substantiva
906 1343 1213 1383 determinativa
1260 1343 1431 1396 gignere
1467 1345 1711 1397 spernebant

221 1406 321 1469 (vid.
353 1412 611 1466 Bernhardyi
639 1416 803 1467 syntax.
832 1426 871 1466 p.
900 1414 1022 1462 426):
1046 1397 1178 1453 'cujus
1216 1412 1405 1454 licentiae
1441 1426 1515 1466 per
1552 1427 1710 1454 omnem

218 1482 459 1536 praesertim
486 1482 715 1523 Atticorum
745 1481 888 1536 poesin
924 1482 1159 1534 divulgatae
1196 1495 1315 1522 usum
1355 1483 1538 1536 inprimis
1575 1483 1709 1523 multi-

217 1552 365 1606 plicem
383 1550 568 1606 Euripidi
588 1553 698 1593 recte
732 1551 873 1593 tribuit
899 1536 1190 1606 Bernhardyus
1212 1551 1236 1592 L
1257 1564 1290 1592 0.
1317 1549 1533 1594 Genitivus
1562 1555 1710 1604 autem,

217 1623 287 1675 qui
325 1623 401 1663 hoc
440 1623 560 1664 modo
603 1614 847 1676 expellitur,
884 1634 1172 1676 nonnunquam
1216 1622 1439 1663 obiectivus
1478 1625 1543 1663 est
1582 1624 1630 1663 ut
1665 1623 1707 1664 in

214 1683 381 1750 εὐγενὴς
424 1688 564 1749 φόνος
609 1691 698 1747 Ι1111.
740 1691 790 1733 A.
832 1693 968 1743 1595,
1015 1687 1174 1749 βούτης
1205 1688 1339 1748 φόνος
1374 1691 1496 1747 Hipp.
1539 1695 1624 1735 537
1647 1708 1706 1745 0.

213 1760 495 1820 τετρασκελὴς
522 1759 714 1816 πόλεμος
742 1762 863 1803 Herc.
884 1762 909 1803 f.
933 1764 1068 1813 1272,
1093 1762 1214 1816 longe
1245 1762 1409 1816 saepius
1436 1762 1706 1805 subiectivus:

214 1835 366 1890 θῆσσα
397 1828 592 1887 τράπεζα
623 1833 709 1873 Α10.
740 1836 786 1881 2,
823 1829 1019 1887 χέρνητες
1047 1826 1176 1883 δόμοι
1215 1831 1278 1872 El.
1311 1834 1395 1872 207
1426 1845 1479 1882 0.,
1516 1827 1706 1874 εὐπατέ-

213 1916 308 1958 ρεια
324 1900 359 1955 ¹)
410 1893 516 1959 αὐλή
561 1900 683 1956 Hipp.
722 1903 775 1943 68
816 1914 869 1950 0.,
923 1894 1225 1955 τετραβάμονα
1271 1900 1369 1954 γυῖα
1410 1900 1500 1942 Hel.
1540 1905 1626 1943 376Ἰ
1661 1917 1706 1952 0.,

210 1968 337 2028 λόγχη
376 1968 569 2025 σπαᾳτός
608 1970 748 2025 Suppl.
781 1971 885 2022 578,
931 1966 1101 2026 γηγενὴς
1122 1963 1236 2026 μάχη
1269 1969 1353 2016 Ion.
1385 1972 1469 2011 987
1505 1970 1585 2022 (hic
1612 1971 1703 2011 sub-

210 2041 378 2092 iecfive,
405 2055 528 2095 quum
556 2041 645 2095 ipse
674 2040 850 2094 explicet
879 2042 1017 2093 poeta:
1056 2030 1105 2094 ἢν
1145 2035 1316 2095 Φλέγρᾳ
1354 2034 1547 2093 γίγαντες
1576 2035 1702 2097 ἔστη-

210 2124 291 2154 σαν
319 2112 486 2164 θεοῖς),
528 2104 759 2169 δημηγόροι
787 2104 914 2165 τιμαί
941 2108 1041 2151 Ηο0.
1063 2109 1168 2160 254,
1197 2103 1374 2165 ᾀρχαγοὶ
1403 2104 1529 2164 τιμαί
1557 2109 1701 2153 Troad.

210 2186 294 2224 196
325 2196 379 2233 0.,
406 2177 704 2238 φιλόπλουτος
730 2177 890 2234 ἅμιλλα
918 2180 1005 2233 Iph.
1035 2179 1079 2220 Τ.
1115 2182 1197 2219 411
1228 2192 1260 2219 0.
1268 2210 1281 2230 ,
1305 2173 1476 2235 χάριτες
1502 2175 1701 2235 κέρτομοι

205 2254 300 2307 frgt.
333 2255 440 2306 497,
471 2245 720 2307 μονομάχος
735 2250 768 2303 ²)
800 2242 938 2300 ἀσπίς
966 2248 1128 2291 Heracl.
1153 2251 1237 2291 819
1271 2249 1489 2292 accedente
1516 2253 1698 2305 metony„

300 2404 336 2447 1)
358 2401 539 2438 Nimirum
565 2401 598 2437 si
617 2391 697 2437 eam
720 2399 1056 2445 interpretationem
1078 2397 1351 2444 amplectimur,
1378 2409 1486 2445 quam
1501 2398 1699 2436 Lobeckius

202 2460 305 2498 dedit
327 2459 451 2507 Ajacis
477 2459 560 2495 edit.
583 2470 617 2505 p.
644 2459 715 2496 230
738 2478 783 2484 -
810 2457 945 2504 quippe
966 2456 1125 2493 tentavit
1149 2458 1187 2493 et
1210 2456 1301 2493 alias
1327 2476 1371 2482 —
1397 2458 1440 2493 ut
1464 2456 1514 2493 sit
1545 2458 1601 2504 ‘in
1629 2469 1699 2504 qna

201 2526 394 2556 versantur
420 2520 458 2554 οἱ
483 2516 699 2567 εὗπάτορες.’
802 2517 840 2558 2)
865 2515 1041 2552 Similiter
1064 2515 1103 2552 in
1126 2514 1335 2552 Phoenissis
1360 2513 1582 2563 μονομάχον
1607 2513 1697 2563 δόρυ

202 2579 314 2620 1325,
345 2578 438 2615 1363
451 2604 460 2619 ,
496 2575 593 2623 quod
624 2586 696 2611 non
727 2575 857 2622 effugit
887 2573 1069 2620 Aristoph.
1106 2572 1293 2620 parodiam
1323 2572 1408 2620 frgt.
1439 2573 1526 2615 550,
1558 2572 1602 2607 de
1626 2582 1698 2618 qna

200 2636 270 2676 vid.
296 2635 415 2674 Wold.
440 2633 614 2673 Ribbeck.
648 2633 686 2671 in
711 2632 805 2671 libro
838 2643 953 2680 nuper
982 2631 1098 2670 edito:
1131 2631 1201 2670 Die
1230 2630 1415 2670 Acharner
1446 2630 1484 2669 d.
1511 2629 1695 2677 Aristoph.

199 2698 267 2733 mit
299 2695 416 2731 einem
449 2691 702 2730 erlfiuternden
734 2691 893 2737 Anhang
927 2691 1015 2727 iiber
1045 2690 1103 2726 die
1134 2686 1287 2729 dramat.
1321 2689 1499 2725 Parodien
1531 2687 1589 2724 bei
1627 2688 1695 2724 den

198 2753 378 2793 attischen
400 2752 618 2793 Komikern‚
643 2761 675 2796 p.
698 2750 777 2788 314.
