1857 3133
194 121 248 160 88

196 222 357 287 στυχέω
371 231 432 262 *¹⁸⁴
467 233 614 284 Baoeh.
661 235 768 285 508,
815 233 962 275 Phoen.
1006 236 1088 276 727
1098 266 1111 286 ,
1154 234 1258 276 Plut.
1299 234 1452 290 Oomp.
1476 235 1617 277 Periol.
1656 244 1690 277 0.

194 304 292 346 Fab.
329 316 362 345 0.
404 306 450 358 3,
490 304 612 346 schol.
657 303 865 359 Aristoph.
906 304 1033 360 Vesp.
1076 306 1187 363 115:
1239 303 1346 360 παρ’
1384 299 1605 361 Εὐριπίδῃ
1638 300 1692 347 τὸ

193 371 497 431 ἐνδυστυχῆσαι
527 365 624 416 ἀντὶ
650 374 728 417 τοῦ
758 372 1041 433 δυστυχῆσαι,·
1067 375 1171 417 addo
1222 374 1389 416 Heathii
1422 374 1699 431 coniecturam

192 439 326 499 ἔγξέω
342 444 366 470 *
397 444 472 485 sed
490 444 571 486 vid.
589 444 841 496 Nauekium,
868 447 911 486 et
931 439 1134 498 ἑλλοχίζω
1151 444 1199 471 **
1227 444 1373 487 Baoeh.
1399 446 1504 496 722,
1530 442 1690 486 maie.

192 513 296 555 Plut.
327 514 479 569 Philop.
510 517 577 555 14.
703 528 705 535 κ
899 518 906 523 0
1509 556 1515 563 ,

307 586 357 636 ’E
362 590 430 636 πί
437 611 447 636 z
490 591 772 649 ἕπιβαστάζω
786 594 810 622 *
836 594 979 651 χεροῖν
1009 593 1230 650 cycl-379
1252 594 1456 651 pondero,
1485 587 1690 647 ἐπάχθο-
1742 644 1744 646 ,

191 677 272 717 μαι
292 663 319 687 ⁴⁵
359 664 511 714 κακοῖς
538 664 662 720 Hipp.
695 668 830 716 1260,
868 657 1130 718 ἐπιλάζυμαι
1148 663 1175 689 ¹⁶
1213 660 1355 718 στόμα
1383 662 1581 724 Androm]
1604 664 1690 705 250

192 746 238 775 οε
263 735 463 786 contineo,
495 731 744 787 ἕποτοτύζω
762 734 788 759 ⁴⁶
814 734 962 775 Phoen.
991 737 1105 777 1038
1134 736 1264 786 eiulo,
1295 729 1538 786 ἐπίνωτίζω
1557 733 1608 761 **
1635 732 1689 774 Η.

191 803 217 843 f.
252 806 336 844 362
369 817 401 845 0.
430 804 567 863 paullo
595 803 828 859 impeditius
858 803 1032 845 dictum:
1076 805 1140 846 est
1166 803 1273 845 enim
1299 805 1409 860 teryo
1438 805 1595 860 impono
1622 795 1690 845 vel

112 906 116 918 .
193 873 331 927 potius
363 875 517 928 obteyo,
551 874 888 928 quemodmodum
916 875 1025 915 idem
1054 876 1120 915 est
1145 869 1310 926 νωτίζω
1336 874 1487 925 Ἑ110011.
1520 876 1604 915 654
1634 887 1667 915 0.
1677 874 1689 924 ’;

193 946 248 983 ex
272 942 479 998 Euripidis
503 944 655 986 fabrica
683 957 781 985 num
809 944 1035 999 profectum
1064 942 1139 997 sit,
1175 944 1248 985 vix
1286 943 1481 985 dubitatio
1511 943 1689 985 suboria-

191 1014 260 1052 tur
289 1012 347 1065 ei,
373 1013 442 1067 qui
467 1013 509 1054 in
537 1013 744 1068 Heeyohio
757 1011 760 1013 ’
774 1015 879 1068 legit
919 1028 973 1055 ex
997 1013 1203 1068 Archippo
1233 1013 1390 1055 'comico
1428 1008 1699 1064 &northman

193 1085 264 1133 (ex
291 1082 403 1124 Mus:
428 1085 546 1138 conj.)
589 1080 817 1140 ἐφώρμησε
857 1098 981 1124 sensu
1022 1084 1167 1124 saltem
1206 1083 1392 1133 diverso,
1434 1084 1507 1123 sed
1545 1082 1689 1124 Bacch.

197 1154 220 1192 7
226 1155 280 1193 63
313 1149 559 1205 ἑπινωτίζω
587 1153 699 1209 φυγῇ
727 1156 791 1194 est
816 1153 946 1208 fugo,
987 1152 1323 1207 quemadmodum
1355 1151 1475 1207 Soph.
1506 1152 1611 1193 dixit
1641 1150 1688 1192 Ο.
1722 1181 1724 1184 -

191 1220 242 1262 R.
275 1225 381 1263 193:
407 1218 678 1264 παλίσσυτον
707 1219 909 1278 δράμημα
938 1218 1131 1274 νωτίζεις
1150 1222 1181 1272 ²)
1207 1216 1462 1274 ἐπιπελάζω
1481 1221 1505 1247 *
1529 1221 1622 1276 Iph.
1642 1221 1688 1263 Τ.

190 1293 272 1331 881
302 1289 377 1344 per
401 1292 559 1332 tmesin.
630 1339 632 1343 V

217 1364 222 1366 “
309 1369 492 1414 Komoi.-
536 1369 803 1424 κατανοτίζω
821 1374 845 1400 *
875 1373 962 1428 Iph.
995 1374 1039 1414 T.
1069 1376 1152 1415 833
1185 1375 1363 1415 humecto
1394 1375 1486 1428 (per
1514 1372 1688 1425 tmesin)‚

191 1439 444 1496 κατοιμώζιυ
462 1443 488 1468 ⁷¹⁶
515 1443 642 1485 Andr.
677 1445 814 1495 1159,
846 1438 1113 1499 καθαρμόζω
1133 1444 1185 1475 ''⁶5'‘
1213 1443 1335 1499 Hipp.
1360 1447 1439 1485 771
1459 1458 1510 1496 c.,
1540 1442 1690 1485 Bacch:

192 1514 298 1563 929,
331 1512 456 1554 Rhee.
489 1517 592 1566 767,
625 1514 771 1565 Anth.,
800 1509 1081 1570 καταθρηνέω
1100 1513 1153 1538 *¹¹⁶
1180 1513 1245 1554 El.
1276 1516 1387 1555 1326
1416 1515 1469 1563 6.,
1500 1513 1689 1568 Appian.,

191 1581 482 1634 Plut.,·Diod.,
513 1579 782 1635 καταλοκίζω
801 1584 850 1610 **
880 1582 1020 1638 Suppl.
1052 1586 1136 1624 826
1168 1597 1199 1624 0.
1233 1583 1431 1638 Hesyeh.:
1459 1576 1690 1640 κατηλόκι-

194 1662 296 1692 σται
327 1649 690 1707 κατατέτριπται,
721 1653 894 1707 simplex
925 1666 988 1706 ap.
1019 1652 1225 1706 Aristoph.
1257 1653 1382 1706 Veep.
1412 1654 1495 1693 825
1527 1653 1691 1705 legitur,

192 1715 488 1774 κατακωμάζω
510 1723 534 1749 *
562 1723 711 1763 Phoen.
746 1725 828 1764 352
862 1736 913 1774 0.,
959 1717 1234 1778 καθαρπάζω
1262 1721 1309 1748 **
1359 1721 1552 1763 Androm.
1591 1725 1690 1776 ι873,

196 1792 333 1841 1122,
384 1790 530 1833 Strabo
570 1792 700 1845 XVI,
740 1795 845 1843 761,
894 1785 1269 1845 καταβακχιόομαι
1287 1789 1324 1814 Ῥ
1359 1791 1505 1833 Bacch.
1537 1794 1621 1832 109
1658 1804 1691 1832 0.

191 1860 415 1902 bacchando
445 1875 626 1903 assuesco
639 1894 650 1913 ,
682 1862 1016 1916 quemadmodum
1044 1861 1125 1901 alia
1141 1862 1183 1901 in
1206 1862 1282 1910 hae
1298 1861 1578 1902 terminatione
1602 1861 1692 1913 (sed

193 1931 453 1984 paratheton‚
482 1944 576 1972 nam
620 1932 795 1986 simplex
832 1932 985 1985 legitur
1021 1929 1141 1985 Soph.
1182 1931 1276 1984 frgt.
1306 1933 1418 1982 871.)
1456 1930 1575 1972 Mitto
1613 1932 1692 1972 alia

193 2001 240 2038 ut
269 1995 566 2055 καταζώννυμι
594 2004 637 2042 et
664 1997 951 2042 καθιππεύω.

312 2080 372 2120 M
375 2075 490 2123 ετάι
528 2077 792 2137 μεταψαίρω
806 2080 833 2105 '¹¹'
872 2081 1019 2122 Phoen.
1065 2084 1200 2132 1390,
1242 2075 1500 2134 μετεύχομαὶ
1521 2080 1545 2105 *
1583 2081 1691 2121 Med.

103 2138 113 2147 ’
153 2178 165 2187 ,
198 2150 282 2189 600
320 2153 522 2193 contraria
562 2166 730 2206 precor,
775 2146 1041 2203 μεταστείχω
1060 2151 1115 2176 *³¹²*
1154 2150 1293 2205 Suppl.
1333 2153 1413 2201 90,
1463 2150 1561 2191 Heo.
1606 2152 1689 2191 509

194 2230 350 2262 arcesso
380 2218 534 2262 Gallim.
566 2219 655 2263 Cer.
691 2224 738 2272 9,
766 2220 897 2274 Apoll.
926 2220 1057 2261 Rhod.
1087 2220 1175 2271 III,
1207 2222 1303 2262 451.

295 2413 330 2455 1)
354 2412 387 2447 A
413 2413 680 2459 significatione
710 2413 890 2449 dubitatio
915 2415 1033 2449 locum
1057 2413 1189 2449 habere
1215 2414 1354 2458 potest,
1381 2415 1503 2448 utrum
1530 2413 1636 2448 Hero.
1663 2414 1690 2448 f.

194 2467 272 2504 loco
296 2470 514 2515 paratheton
537 2470 605 2506 hoc
627 2471 677 2506 sit
700 2482 748 2506 an
773 2471 988 2518 syntheton,
1013 2482 1098 2507 nam
1122 2471 1154 2507 si
1188 2470 1380 2506 transitive
1412 2471 1586 2517 explicas,
1623 2471 1693 2507 erit

195 2526 428 2573 paratheton,
461 2529 632 2576 quoniam
665 2529 798 2581 Bhoen.
830 2530 900 2568 654
933 2530 1126 2567 transitive
1160 2532 1217 2566 est
1253 2532 1474 2578 usurpatum.
1522 2530 1690 2566 Ceterum

194 2597 282 2620 num
320 2598 362 2622 ex
394 2587 460 2623 1100
490 2588 755 2634 significatione
787 2589 888 2624 verbi
926 2590 1065 2630 νωτίζω
1098 2590 1351 2635 argumentum
1387 2597 1550 2634 promere
1583 2587 1692 2624 liceat

195 2643 365 2692 νώτισμα
403 2657 482 2683 esse
521 2646 771 2693 Euripideum,
806 2658 879 2684 non
910 2647 1025 2683 ausim
1058 2646 1193 2684 dicere:
1228 2648 1286 2683 est
1317 2648 1438 2683 autem
1462 2644 1628 2693 νώτισμα
1652 2646 1691 2682 id

199 2715 283 2747 ‘qno
311 2707 390 2750 quis
420 2707 622 2747 νωτίζεται’
658 2705 729 2741 vid.
757 2716 791 2751 p.
822 2706 883 2747 17,
919 2706 976 2741 vel
1009 2707 1121 2751 (quod
1156 2706 1325 2747 macca:
1361 2714 1427 2740 nec
1457 2714 1541 2738 vero
1580 2706 1691 2749 ‘quod

195 2761 314 2800 νωτίζε
320 2776 376 2796 ται
381 2763 397 2796 .'
