1857 3133
239 132 294 170 92

236 246 402 289 accedat
448 246 712 300 singulariter
757 247 992 309 formatum:
1043 240 1325 304 πανημερεύω
1344 245 1368 273 *
1420 247 1559 289 Rhea-
1585 252 1666 291 361
1700 263 1733 289 c.

159 366 165 371 ,
233 330 307 371 per
329 318 463 360 totum
481 315 589 358 diem
615 317 778 358 celebro.
810 339 872 347 --
887 315 918 369 ¹)

338 376 561 440 'Perpauca
600 388 695 426 sunt
731 386 899 427 alterius
944 387 1095 428 ordinis
1143 386 1354 440 exempla,
1403 387 1473 427 ubi
1508 388 1731 428 membrum

233 449 484 509 praecedens
511 455 849 511 praepositio
882 458 957 497 est.
1019 456 1218 498 Nimirum
1236 456 1333 496 dum
1354 456 1595 511 paratheton
1623 457 1730 497 exsi-

234 524 318 574 stit,
345 525 503 579 quando
524 523 774 578 praepositio
797 525 928 566 solido
946 528 992 565 et
1009 525 1315 578 integro=verbo
1337 525 1610 579 praeponitur,
1634 539 1732 580 syn-

232 594 373 635 theton
396 593 675 635 ex‘artissima
693 594 1005 649 praepositionis
1022 607 1070 635 ac
1095 594 1267 636 nominis
1292 594 1570 635 coniunctione
1600 594 1729 634 nasci-

232 664 309 704 tur.
357 662 570 705 Interdum
598 664 809 720 compositi
836 664 926 719 ipsa
954 662 1196 717 significatio
1218 661 1351 716 efficit,
1371 664 1429 716 ut,
1450 662 1530 705 etsi
1551 657 1729 718 simplex

229 733 272 773 in
301 748 382 775 usu
405 735 483 787 sit,
508 734 773 789 compositum
791 737 927 774 tamen
945 735 1167 788 syntheton
1195 735 1331 789 potius
1350 747 1468 789 quam
1486 732 1728 789 paratheton

160 800 165 805 ’
229 803 441 847 iudicetur.
503 804 570 847 Ita
596 808 748 859 ,aperte
787 805 1008 859 syntheton
1045 806 1129 855 est,
1173 804 1281 858 quod
1316 805 1469 846 frustra
1499 803 1730 846 sollicitavit

230 874 544 915 Valckenarius:
580 870 835 930 συνασοφέω
848 872 872 899 *
898 874 1047 915 Phoen.
1067 876 1151 915 394
1178 878 1334 915 certum
1353 867 1727 930 oocpmoivovlpoe-

226 947 294 983 tae
333 943 566 994 inventum,
603 956 724 997 porro
742 936 1042 999 Κοἰταρευκηλέω
1063 941 1087 968 *
1129 942 1252 984 Herc.
1286 943 1311 984 f.
1342 945 1395 984 99
1424 943 1657 999 permulceo
1685 945 1729 984 et

223 1006 503 1067 ὑπερπαθέω
522 1010 572 1037 **
595 1013 745 1054 Phoen.
778 1015 911 1065 1456,
929 1012 1090 1067 Ioseph.
1107 1012 1157 1053 A.
1176 1010 1209 1054 I.
1231 1012 1338 1063 VII,
1369 1016 1408 1064 2,
1437 1016 1458 1053 1
1472 1046 1483 1064 ,
1506 1012 1612 1055 Bell.
1635 1011 1725 1053 Iud.

225 1080 310 1133 VI,
343 1085 392 1133 2,
422 1085 449 1123 4
459 1099 469 1133 ;
500 1082 642 1123 adiicio
672 1077 882 1138 ἒξακρίζω
902 1081 925 1107 *
966 1077 1131 1137 αἰθέρα
1161 1081 1294 1123 Orest.
1328 1085 1433 1133 275,
1476 1082 1583 1135 quod
1607 1082 1725 1123 Euri-

224 1151 330 1205 pidis
360 1165 452 1192 esse
480 1151 597 1193 Eust.
630 1153 766 1205 odyss.
797 1165 840 1205 p..
856 1154 994 1202 1636,
1023 1153 1079 1192 48
1109 1152 1235 1192 tradit
1262 1154 1371 1201 (nam
1402 1151 1577 1206 simplex
1605 1152 1724 1192 aliam

154 1249 163 1257 -
225 1222 559 1276 significationem
587 1224 751 1264 nactum
780 1222 881 1273 est),
920 1214 1207 1278 ἐκγαυρόομαι
1225 1220 1250 1247 *
1280 1236 1372 1264 cum
1400 1225 1573 1263 accusat.
1598 1224 1723 1263 trans.

223 1291 312 1346 Iph.
343 1292 392 1332 A.
422 1282 502 1332 101
518 1324 528 1343 ‚
556 1291 630 1332 sed
660 1287 906 1347 συνηρεφέω
921 1289 970 1315 **
1009 1291 1103 1344 frgt.
1140 1294 1223 1333 773
1261 1291 1319 1332 nil
1353 1291 1468 1349 iuvat
1508 1290 1724 1339 addidisse,
1776 1281 1781 1295 ¹

224 1361 412 1416 quoniam
442 1361 596 1401 dudum
625 1359 866 1401 coniecturis
896 1360 1069 1415 petitum
1102 1362 1175 1401 est.
1206 1384 1263 1390 --
1278 1360 1310 1412 ²)

340 1430 537 1475 Ultimum
574 1431 702 1482 igitur
731 1432 863 1470 locum
894 1432 1092 1483 occupant
1121 1443 1214 1471 cum
1252 1430 1532 1470 adverbiis
1574 1430 1721 1479 iuncta,

222 1500 341 1556 quale
364 1500 471 1555 quod
489 1513 542 1540 ex
562 1498 756 1555 Aeschyl.
777 1497 917 1554 Suppl.
939 1494 1024 1541 405
1055 1499 1216 1541 transiit
1241 1500 1283 1541 in
1303 1500 1428 1542 Rhes.
1456 1502 1539 1542 724
1567 1514 1598 1541 c.
1632 1501 1714 1541 805

220 1567 417 1623 δυσοίζω.
486 1569 704 1624 Euripides
745 1570 851 1624 quod
890 1570 1053 1610 unicum
1090 1570 1279 1611 formavit
1317 1567 1572 1627 δυσθνῄσκω
1593 1568 1616 1595 *
1654 1568 1716 1609 El.

222 1644 329 1693 843,
358 1640 483 1682 Rhes.
518 1643 598 1681 791
633 1642 676 1681 et
705 1654 760 1681 ex
797 1639 1023 1680 Hermanni
1060 1641 1291 1681 coniectura
1320 1640 1469 1700 Phoen.
1501 1642 1635 1695 1438,
1674 1639 1716 1680 id

219 1712 298 1752 iter
327 1711 555 1766 praecludit
592 1711 643 1755 ad
680 1710 837 1751 exitum
870 1710 1005 1764 operis
1040 1710 1249 1751 festinanti
1278 1714 1342 1761 et,
1382 1713 1428 1751 ut
1458 1712 1516 1757 ait
1542 1710 1716 1751 Lobeck.

221 1781 369 1836 Phryn.
399 1796 438 1836 p.
463 1783 546 1822 616
584 1779 750 1840 ‘duplici
778 1794 856 1834 quo
886 1779 1050 1821 saevius
1071 1793 1145 1821 nos
1175 1781 1329 1834 affligat
1354 1781 1554 1835 praesidio
1584 1780 1716 1820 firma-

221 1855 309 1892 tum
328 1854 370 1891 et
389 1852 511 1905 plane
529 1850 825 1890 irremediabile
843 1841 927 1889 est?
980 1848 1143 1890 Scilicet
1162 1845 1337 1890 adversa
1349 1848 1488 1891 *fronte
1510 1853 1715 1903 repugnat

223 1922 484 1975 scalig—erano
513 1920 572 1960 illi
601 1921 818 1974 praecepto
849 1932 948 1959 vere
980 1919 1118 1973 regio,
1155 1920 1326 1960 verbum
1364 1920 1422 1961 ita
1453 1924 1499 1961 ut
1528 1920 1715 1961 mutatio-

220 2007 314 2033 nem
344 2005 425 2032 non
454 1991 691 2045 experiatur
717 1989 901 2043 componi
929 2002 1009 2029 non
1039 2002 1161 2043 posse
1189 1989 1269 2030 nisi
1296 2003 1386 2037 cum
1406 1989 1715 2045 praepositione.

223 2051 332 2111 Quid
364 2061 513 2115 igitur?
543 2061 608 2102 cui
636 2061 750 2101 licuit
777 2055 1030 2116 δυσθνητέω
1056 2059 1279 2117 inducere„
1308 2062 1355 2101 ut
1384 2060 1592 2101 Nauckius
1609 2060 1716 2100 'scri-

219 2133 321 2187 psit,
354 2131 493 2185 quidni
518 2131 685 2172 fecerit?
738 2129 821 2171 Vix
851 2130 973 2170 dicas.
1026 2119 1088 2171 ‘At
1117 2130 1281 2171 videtur
1315 2131 1491 2171 dandum
1522 2143 1613 2171 esse
1645 2130 1715 2171 ali-

247 2338 251 2340 ,
316 2304 351 2350 1)
378 2304 417 2340 Si
451 2306 648 2350 θεομαχέω
683 2301 843 2348 (saepius
875 2302 914 2338 in
945 2302 1114 2345 Bacchis,
1150 2301 1314 2348 Xenoph.
1348 2302 1430 2339 Oec.
1467 2302 1574 2346 XVI,
1600 2302 1623 2338 3
1653 2302 1715 2349 al.)

219 2362 453 2408 Euripideum
481 2363 555 2403 est,
581 2363 705 2397 tamen
732 2360 931 2404 εὐσθενέω,
960 2362 1171 2408 δᾳδουχέω,
1199 2365 1431 2410 κακορροθέω
1448 2361 1506 2397 vix
1521 2360 1716 2409 Euripidea

218 2420 320 2456 sunt:
346 2420 411 2455 sed
433 2420 550 2455 minor
580 2418 759 2454 dubitatio
786 2420 843 2454 est
868 2418 911 2454 de
934 2420 1168 2469 βοηδρομέω,
1187 2419 1227 2438 **
1259 2419 1355 2465 quod
1380 2420 1523 2467 saepius
1546 2420 1586 2456 in
1611 2418 1715 2455 Euri-

217 2478 301 2525 pide
326 2478 482 2525 legitur,
510 2476 609 2512 cuius
636 2478 674 2511 et
694 2475 916 2525 βοηδρόμος,
944 2477 1115 2512 εὐτεκνέω
1134 2476 1174 2496 **
1195 2476 1383 2523 frgt.521,
1411 2479 1655 2527 λεπτουργέω,
1674 2477 1715 2496 **

218 2537 315 2583 quod
349 2538 648 2581 λεπτολογοῧντι
686 2536 814 2579 poetae
846 2534 958 2580 Hipp.
995 2535 1064 2570 923
1096 2536 1154 2570 est
1197 2537 1455 2582 λεπτολογεῖν,
1496 2535 1640 2571 obvium
1678 2535 1716 2570 in

217 2595 389 2636 Platone,
424 2592 620 2630 Plutarcho
654 2591 748 2627 aliis.
878 2592 915 2638 2)
951 2592 1020 2627 vix
1052 2592 1255 2629 addendum
1288 2596 1528 2642 παρασπίζω,
1565 2604 1649 2629 nam
1681 2596 1718 2630 et

219 2654 363 2693 ἀσπίζω
388 2662 607 2698 quamquam
628 2660 749 2685 rarum
774 2652 898 2685 tamen
930 2650 968 2685 in
999 2661 1066 2686 usu
1100 2650 1182 2686 fuit<
1199 2652 1237 2686 et
1261 2652 1482 2700 παρασπίζω
1505 2652 1590 2696 post
1611 2651 1716 2687 Euri-

218 2711 339 2759 pidem
371 2709 565 2748 usitatum,
599 2707 663 2744 sed
696 2708 850 2745 fortasse
889 2710 1107 2757 προτελίζω;
1148 2709 1326 2758 Ξυνωρίζω
1360 2710 1481 2747 autem
1514 2707 1715 2749 derivatum

218 2771 290 2812 est,
316 2769 348 2805 si
373 2767 518 2804 omnino
545 2766 787 2813 Euripideum.
