1857 3133
188 130 244 171 46

182 245 335 299 χρως*
364 239 440 295 νύξ
465 245 559 297 frgt.
591 247 674 286 596
705 258 768 286 an.
798 248 911 288 varie
947 247 1139 301 colorata!
1158 259 1259 297 nom,
1296 252 1416 300 quam
1444 246 1671 300 Aeschylus

184 314 344 355 dixerat
379 308 710 367 ποικιλείμονα,·
746 308 996 369 λεπτόχρως
1009 314 1033 341 *
1070 314 1164 367 frgt.
1195 316 1281 360 898
1320 317 1383 366 (ut
1411 318 1673 358 correxerunt

181 383 373 425 librorum
399 384 645 438 scripturam
680 382 829 446 λεπτῷ
864 380 1035 441 χρωτί),
1076 397 1194 439 porro
1232 375 1503 441 ἅλλόχροον*
1539 382 1673 440 δέμας

180 452 303 509 Hipp.
329 457 411 498 175
440 467 503 497 an.
534 456 577 496 et
607 446 824 512 ἀλλόχρως
841 455 889 482 **
918 451 1039 507 ξένος
1068 455 1258 497 Androm.
1279 457 1382 507 879,
1408 455 1557 498 Phoen.
1576 458 1673 506 138,
1736 468 1738 470 ·

181 524 381 579 Theophr.
428 525 492 566 De
522 538 628 567 sens.
661 526 740 577 50,
769 539 807 580 p.
839 528 946 576 667,
987 522 1280 582 mmmm*
1308 519 1507 579 κυμάτων
1530 520 1671 581 ’ῥόθια

179 587 412 645 θάλασσας
440 594 533 637 Hel.
568 596 682 638 1503
705 609 737 637 c.
751 627 762 647 ,
793 594 961 649 Oppian.
989 594 1082 636 Hal.
1107 594 1175 647 11,
1205 598 1289 638 599
1320 597 1365 639 et
1391 596 1520 638 altera
1544 596 1671 638 forma

179 658 422 720 κυανόχρως
439 663 495 689 *⁵*
543 661 698 717 χαίτας
746 659 974 717 πλόκαμος
1019 659 1266 719 βοστρύχων
1314 664 1463 709 Phoen.
1502 667 1586 706 308
1616 679 1671 716 c.,

178 732 375 776 Alcidam.
408 747 470 788 ap.
502 732 671 776 Aristot.
701 733 821 776 Rhct.
849 732 936 786 ΠΙ,
972 737 1020 785 3,
1053 733 1186 785 Matro
1216 747 1279 790 ap.
1309 735 1456 788 Athen.
1486 733 1561 787 IV,
1584 737 1666 777 135

178 803 226 854 F,
256 802 380 857 Orph.
419 803 569 857 Hymn.
599 802 684 854 111,
722 806 757 843 7.
819 801 897 844 His
935 804 1091 844 accedit
1125 816 1217 844 cum
1254 803 1529 857 Aristophane
1564 816 1669 845 com·

177 887 298 914 mune
338 872 501 914 unicum
537 866 782 926 πολιόχρως
796 872 843 900 ⁸⁸*
859 873 890 923 ¹)
924 866 1073 923 κύκνος
1111 872 1256 915 Bacch.
1292 875 1425 924 1365,
1462 871 1668 927 Aristoph.

174 942 269 994 srgt.
311 944 419 991 179,
455 944 499 982 et
534 954 589 981 cx
627 940 752 983 Rhea.
784 945 866 983 716
898 954 931 982 c.
976 935 1326 997 ψαφαρόχρουν*
1360 936 1472 998 κάρα
1510 941 1669 983 aridam

175 1011 245 1053 vel
270 1024 454 1066 asperam
483 1013 614 1053 cutem
643 1012 800 1053 habens.
862 1010 966 1054 Cum
1005 1005 1118 1068 φρήν
1154 1012 1347 1053 nonnulla
1380 1011 1525 1054 iunxit¹
1550 1009 1668 1052 Euri-

154 1080 313 1138 fides,
343 1092 586 1134 quamquam
613 1082 657 1121 et
683 1080 727 1121 in
756 1080 820 1121 his
849 1080 964 1134 ipsi·
978 1093 1060 1121 non
1086 1080 1253 1133 attingit
1269 1079 1489 1134 Aeschylei
1516 1080 1668 1132 ingenii

175 1151 464 1192 sublimitatem
509 1150 604 1200 (vid.
645 1149 762 1191 Todt.
801 1163 839 1203 p.
880 1151 984 1201 21):'
1020 1140 1254 1205 ὀξύφρωι·
1301 1149 1410 1190 Med.
1446 1151 1529 1191 642
1564 1146 1667 1199 e.‚²)

172 1212 479 1275 ποικιλόφρων
493 1216 520 1240 ¹*
555 1214 837 1275 Λαερτιάδης
870 1218 970 1260 Hec.
1014 1221 1093 1261 131
1136 1230 1219 1269 an„
1257 1214 1501 1275 κοινόφρων
1519 1218 1543 1244 *
1578 1218 1667 1273 Iph.

173 1288 220 1331 Τ.
251 1291 386 1338 1008,
421 1287 508 1328 Ion.
539 1290 648 1338 577,
684 1281 973 1343 μελεόφρων*
1014 1281 1158 1344 πατήρ
1187 1287 1362 1343 Iph.·T.
1400 1289 1485 1329 854
1518 1287 1667 1340 infelix

132 1400 138 1408 ,
172 1359 319 1408 animi,
363 1352 630 1413 ὑψηλόφρων
644 1354 671 1380 ⁴*
709 1350 854 1409 θυμός
894 1355 981 1410 Iph.
1019 1356 1068 1398 A.
1108 1360 1190 1398 919
1234 1359 1392 1398 animus
1425 1359 1665 1412 superbiens,

171 1426 274 1468 Plat.
302 1425 404 1479 Rep.
433 1424 564 1476 VHI,
600 1438 637 1479 p.
668 1426 753 1466 550
779 1424 838 1475 Β,
869 1425 1061 1467 Themist.
1092 1425 1275 1480 saepius,
1312 1425 1427 1466 Euat.
1457 1450 1514 1456 —
1546 1426 1665 1473 Quae

171 1495 481 1550 proficiscuntur
516 1495 567 1535 ab
606 1489 684 1549 ὤψ
725 1497 890 1548 praeter
928 1489 1166 1548 ἀμβλῶπες
1185 1495 1208 1520 *
1245 1486 1376 1548 αὐγαί
1413 1494 1537 1535 Rhee.
1569 1500 1664 1547 737,

171 1579 295 1619 quum
335 1564 528 1618 Aeschyl.
569 1563 688 1605 Eum.
716 1566 800 1605 942
852 1576 916 1605 an.
958 1557 1198 1617 ἀμβλωπός
1233 1564 1399 1614 habeat,
1438 1564 1571 1606 omnia
1611 1566 1664 1609 ad

169 1636 338 1678 alteram
359 1634 669 1677 declinationem
688 1633 875 1676 traducta
889 1635 1005 1685 sunt,
1034 1634 1150 1677 velut
1164 1630 1435 1690 νυκτερωπὸν
1448 1631 1475 1657 *
1494 1628 1663 1692 δόκημα

116 1725 118 1729 ’
169 1699 346 1762 ὀνείρων
382 1701 561 1756 ἐννύχων
598 1704 719 1746 Herc.
752 1705 777 1745 f.
810 1708 891 1746 111
924 1718 978 1757 c.,
1024 1700 1282 1753 κοιλωπὸς*
1319 1696 1454 1758 ἀγμός
1495 1704 1583 1759 Iph.
1615 1704 1661 1746 Τ.

170 1778 255 1818 263
285 1775 343 1816 nil
370 1774 450 1816 nisi
475 1773 664 1826 oavus,⁸)
696 1768 920 1830 ἀγριωπὸν
936 1773 986 1799 **
1014 1770 1142 1830 τέρας
1171 1772 1317 1815 Bacch.
1347 1775 1431 1815 542
1463 1788 1519 1826 c.‚
1546 1769 1666 1829 ὄμμα

168 1845 289 1886 Herc.
318 1845 343 1884 f.
373 1847 480 1895 990,
505 1844 610 1885 Plut.
640 1844 741 1885 Mar.
775 1847 851 1893 14,
892 1844 1086 1884 Phurnut.
1117 1858 1154 1897 p.
1187 1847 1234 1893 8,
1273 1844 1358 1885 Ioh.
1389 1843 1574 1885 Damaso.
1602 1857 1665 1898 ap.
1745 1857 1748 1859 ·

170 1913 300 1965 Suid.,
314 1913 347 1966 ⁴)
374 1926 494 1968 porro
522 1913 574 1955 ad
595 1913 815 1955 secundam
834 1913 1139 1956 declinationem
1162 1912 1321 1954 transiit
1339 1906 1665 1968 κακόστομοιΜ

166 1980 316 2036 λέοχαι
346 1984 435 2037 Iph.
455 1983 505 2024 A.
530 1986 639 2026 1001
655 2015 666 2034 ‚
692 1983 864 2036 Longin.
887 1996 919 2024 c.
943 1986 999 2024 43
1033 1983 1127 2032 (alio
1158 1985 1318 2033 sensu),
1346 1984 1389 2022 et
1414 1977 1663 2037 κακόγλωσ-

167 2053 311 2105 uos-*¹*
346 2047 429 2111 βοή
471 2053 571 2095 Hec.
606 2053 709 2103 6613
749 2053 824 2095 scd
861 2047 1135 2110 κακόμητις*
1171 2046 1277 2110 ἀνήρ
1319 2050 1451 2093 Orest.
1487 2054 1598 2094 1403
1628 2065 1661 2093 c.

166 2137 247 2166 non
283 2124 428 2178 linquit
464 2124 625 2165 tertiam
665 2125 740 2176 (sic
770 2124 975 2165 Porsonus
1017 2123 1198 2177 scripsit,
1239 2123 1496 2164 membranae
1533 2137 1661 2166 κακο-

261 2296 296 2340 1)
323 2295 424 2331 Haec
449 2294 649 2341 composita
672 2293 777 2329 valde
802 2293 987 2330 adamavit
1001 2294 1209 2340 Euripides,
1233 2304 1317 2329 nam
1340 2293 1436 2330 idem
1450 2292 1562 2330 habet
1578 2295 1659 2328 λευ-

166 2351 304 2403 κόχροα
327 2352 600 2400 κόμανΡΙιοοιι.
626 2352 697 2389 322
723 2350 954 2403 (λευκόχροος
962 2365 1084 2401 -χρως
1105 2352 1196 2389 satis
1227 2351 1417 2397 usitatum)
1452 2354 1490 2389 et
1519 2349 1658 2399 μελάγ-

161 2424 261 2460 χρως
286 2409 404 2447 Orest.
431 2411 499 2447 821
525 2422 569 2453 c.,
596 2410 691 2457 quod
711 2410 868 2446 Thomas
893 2411 935 2446 ut
949 2409 1183 2456 Euripideum
1198 2411 1321 2453 notat,
1350 2409 1409 2447 vel
1423 2407 1659 2458 μελανόχρως

163 2469 250 2506 Hec.
276 2469 369 2507 1106
392 2480 439 2511 c.,
467 2468 510 2505 de
536 2480 606 2516 quo
628 2468 700 2505 vid.
726 2467 878 2505 Lobeck.
904 2468 1063 2515 Paralip.
1091 2481 1125 2517 p.
1142 2468 1232 2512 2553
1253 2467 1501 2519 μελανόχροος
1523 2466 1657 2503 Home-

163 2527 277 2564 ricum
308 2529 376 2563 est.
423 2526 578 2562 Variant
614 2526 702 2562 haec
733 2526 773 2561 in
799 2527 968 2568 accentu,
1002 2527 1066 2563 sed
1097 2527 1289 2563 maximam
1316 2528 1458 2572 partem
1481 2524 1657 2573 barytona

163 2587 261 2622 sunt.
356 2585 393 2627 2)
419 2583 581 2621 Gramm.
618 2584 657 2619 in
686 2583 802 2620 Cram.
836 2583 969 2620 Anecd.
996 2584 1111 2621 Paris.
1139 2584 1202 2627 IV,
1227 2584 1315 2631 209,
1338 2584 1384 2621 15
1416 2582 1469 2618 sic
1501 2580 1657 2637 exph‘c-at

163 2644 367 2691 ἀεσίφρων.
486 2643 523 2688 3)
546 2643 591 2678 In
629 2643 812 2678 nonnullis
848 2642 975 2678 horum
1004 2645 1047 2678 ut
1075 2643 1114 2678 in
1150 2641 1334 2681 κοιλωπός
1361 2640 1568 2677 terminatio
1595 2649 1656 2685 ωψ

163 2701 216 2736 nil
247 2700 294 2737 ad
326 2700 629 2748 significationem
662 2700 801 2737 confert
829 2699 902 2736 vid.
928 2700 1051 2737 Herm.
1082 2699 1126 2735 ad
1151 2698 1250 2745 Ajac.
1274 2699 1354 2735 221.
1448 2696 1485 2744 4)
1510 2697 1564 2732 De
1588 2696 1654 2732 hoc

164 2756 233 2793 vid.
259 2757 418 2794 Diibner.
445 2757 492 2794 ad
517 2758 649 2794 Christ.
673 2758 824 2804 patient.
848 2769 930 2805 pag.
954 2758 1032 2795 XV.
