<?xml version="1.0" encoding="UTF-8"?>
<!DOCTYPE html PUBLIC "-//W3C//DTD XHTML 1.0 Transitional//EN"
    "http://www.w3.org/TR/xhtml1/DTD/xhtml1-transitional.dtd">
<html xmlns="http://www.w3.org/1999/xhtml" xml:lang="en" lang="en">
 <head>
  <title>
</title>
<meta http-equiv="Content-Type" content="text/html;charset=utf-8" />
  <meta name='ocr-system' content='tesseract 3.04.00' />
  <meta name='ocr-capabilities' content='ocr_page ocr_carea ocr_par ocr_line ocrx_word'/>
</head>
<body>
  <div class='ocr_page' id='page_1' title='image "4738124_0066.png"; bbox 0 0 1857 3133; ppageno 0'>
   <div class='ocr_carea' id='block_1_1' title="bbox 216 125 272 164">
    <p class='ocr_par' dir='ltr' id='par_1_1' title="bbox 216 125 272 164">
     <span class='ocr_line' id='line_1_1' title="bbox 216 125 272 164; baseline 0.018 -1"><span class='ocrx_word' id='word_1_1' title='bbox 216 125 272 164; x_wconf 88' lang='lat'><strong>58</strong></span> 
     </span>
    </p>
   </div>
   <div class='ocr_carea' id='block_1_2' title="bbox 195 235 1749 2179">
    <p class='ocr_par' dir='ltr' id='par_1_2' title="bbox 210 235 1749 1694">
     <span class='ocr_line' id='line_1_2' title="bbox 214 235 1709 298; baseline 0.002 -19"><span class='ocrx_word' id='word_1_2' title='bbox 214 240 376 280; x_wconf 83' lang='lat' dir='ltr'><strong>demum</strong></span> <span class='ocrx_word' id='word_1_3' title='bbox 404 239 594 292; x_wconf 86' lang='lat' dir='ltr'><strong>debetur,</strong></span> <span class='ocrx_word' id='word_1_4' title='bbox 620 253 740 294; x_wconf 90' lang='lat' dir='ltr'><strong>porro</strong></span> <span class='ocrx_word' id='word_1_5' title='bbox 770 235 993 295; x_wconf 78' lang='grc' dir='ltr'><em>ὁμόγαμος</em></span> <span class='ocrx_word' id='word_1_6' title='bbox 1011 240 1039 265; x_wconf 72' lang='lat'><strong>⁴⁵</strong></span> <span class='ocrx_word' id='word_1_7' title='bbox 1068 241 1187 283; x_wconf 87' lang='lat' dir='ltr'><strong>Herc.</strong></span> <span class='ocrx_word' id='word_1_8' title='bbox 1221 243 1247 283; x_wconf 81' lang='lat' dir='ltr'><strong>f.</strong></span> <span class='ocrx_word' id='word_1_9' title='bbox 1273 246 1355 285; x_wconf 83' lang='lat'><strong>339</strong></span> <span class='ocrx_word' id='word_1_10' title='bbox 1386 246 1460 298; x_wconf 78' lang='lat' dir='ltr'><strong>qui</strong></span> <span class='ocrx_word' id='word_1_11' title='bbox 1485 255 1709 286; x_wconf 69' lang='lat' dir='ltr'><strong>communes</strong></span> 
     </span>
     <span class='ocr_line' id='line_1_3' title="bbox 212 308 1709 367; baseline 0.001 -16"><span class='ocrx_word' id='word_1_12' title='bbox 212 323 305 351; x_wconf 78' lang='lat' dir='ltr'><strong>cum</strong></span> <span class='ocrx_word' id='word_1_13' title='bbox 347 308 430 350; x_wconf 82' lang='lat' dir='ltr'><strong>alio</strong></span> <span class='ocrx_word' id='word_1_14' title='bbox 467 311 630 365; x_wconf 72' lang='lat' dir='ltr'><strong>nuptias</strong></span> <span class='ocrx_word' id='word_1_15' title='bbox 658 308 786 362; x_wconf 75' lang='lat' dir='ltr'><strong>fecit,</strong></span> <span class='ocrx_word' id='word_1_16' title='bbox 832 311 948 352; x_wconf 77' lang='lat' dir='ltr'><strong>velut</strong></span> <span class='ocrx_word' id='word_1_17' title='bbox 987 311 1226 366; x_wconf 83' lang='lat' dir='ltr'><strong>Amphitruo</strong></span> <span class='ocrx_word' id='word_1_18' title='bbox 1263 311 1322 352; x_wconf 89' lang='lat' dir='ltr'><strong>sic</strong></span> <span class='ocrx_word' id='word_1_19' title='bbox 1361 314 1456 366; x_wconf 88' lang='lat' dir='ltr'><strong>apte</strong></span> <span class='ocrx_word' id='word_1_20' title='bbox 1481 311 1709 367; x_wconf 54' lang='lat' dir='ltr'><strong>compellat</strong></span> 
     </span>
     <span class='ocr_line' id='line_1_4' title="bbox 211 375 1707 437; baseline 0.002 -18"><span class='ocrx_word' id='word_1_21' title='bbox 211 378 376 428; x_wconf 81' lang='lat' dir='ltr'><strong>Iovem,</strong></span> <span class='ocrx_word' id='word_1_22' title='bbox 405 376 543 432; x_wconf 85' lang='lat' dir='ltr'><strong>(Soph.</strong></span> <span class='ocrx_word' id='word_1_23' title='bbox 575 378 715 419; x_wconf 89' lang='lat' dir='ltr'><strong>eodem</strong></span> <span class='ocrx_word' id='word_1_24' title='bbox 742 391 874 433; x_wconf 16' lang='lat' dir='ltr'><strong>sensu*</strong></span> <span class='ocrx_word' id='word_1_25' title='bbox 890 379 998 421; x_wconf 88' lang='lat' dir='ltr'><strong>Oed.</strong></span> <span class='ocrx_word' id='word_1_26' title='bbox 1019 381 1115 435; x_wconf 67' lang='lat' dir='ltr'><strong>Ty&#39;r.</strong></span> <span class='ocrx_word' id='word_1_27' title='bbox 1145 380 1230 422; x_wconf 84' lang='lat'><strong>460</strong></span> <span class='ocrx_word' id='word_1_28' title='bbox 1259 381 1420 422; x_wconf 76' lang='lat' dir='ltr'>dixerat</span> <span class='ocrx_word' id='word_1_29' title='bbox 1443 375 1707 437; x_wconf 76' lang='grc' dir='ltr'><strong><em>ὁμόσπορος,</em></strong></span> 
     </span>
     <span class='ocr_line' id='line_1_5' title="bbox 212 438 1709 505; baseline 0.003 -17"><span class='ocrx_word' id='word_1_30' title='bbox 212 448 322 500; x_wconf 91' lang='lat' dir='ltr'><strong>quod</strong></span> <span class='ocrx_word' id='word_1_31' title='bbox 359 448 500 501; x_wconf 81' lang='lat' dir='ltr'><strong>glossa</strong></span> <span class='ocrx_word' id='word_1_32' title='bbox 536 438 715 503; x_wconf 82' lang='lat' dir='ltr'><strong>explicat</strong></span> <span class='ocrx_word' id='word_1_33' title='bbox 749 447 1008 505; x_wconf 81' lang='lat' dir='ltr'><strong>Euripiden),</strong></span> <span class='ocrx_word' id='word_1_34' title='bbox 1058 451 1131 492; x_wconf 87' lang='lat' dir='ltr'><strong>sed</strong></span> <span class='ocrx_word' id='word_1_35' title='bbox 1166 450 1312 492; x_wconf 86' lang='lat' dir='ltr'><strong>Phoen.</strong></span> <span class='ocrx_word' id='word_1_36' title='bbox 1352 454 1436 493; x_wconf 86' lang='grc'><strong>137</strong></span> <span class='ocrx_word' id='word_1_37' title='bbox 1474 464 1509 493; x_wconf 85' lang='lat' dir='ltr'><strong>c.</strong></span> <span class='ocrx_word' id='word_1_38' title='bbox 1549 451 1618 491; x_wconf 80' lang='lat' dir='ltr'><strong>nil</strong></span> <span class='ocrx_word' id='word_1_39' title='bbox 1642 451 1709 492; x_wconf 78' lang='lat' dir='ltr'><strong>cst</strong></span> 
     </span>
     <span class='ocr_line' id='line_1_6' title="bbox 211 516 1706 578; baseline 0.002 -21"><span class='ocrx_word' id='word_1_40' title='bbox 211 518 290 558; x_wconf 87' lang='lat' dir='ltr'><strong>nisi</strong></span> <span class='ocrx_word' id='word_1_41' title='bbox 319 520 513 569; x_wconf 72' lang='lat' dir='ltr'><strong>maritus,</strong></span> <span class='ocrx_word' id='word_1_42' title='bbox 544 531 569 559; x_wconf 87' lang='lat' dir='ltr'><strong>a</strong></span> <span class='ocrx_word' id='word_1_43' title='bbox 600 532 681 571; x_wconf 89' lang='lat' dir='ltr'><strong>quo</strong></span> <span class='ocrx_word' id='word_1_44' title='bbox 709 520 821 561; x_wconf 88' lang='lat' dir='ltr'><strong>nolui</strong></span> <span class='ocrx_word' id='word_1_45' title='bbox 854 522 1069 574; x_wconf 83' lang='lat' dir='ltr'><strong>seiungere</strong></span> <span class='ocrx_word' id='word_1_46' title='bbox 1097 516 1374 578; x_wconf 80' lang='grc' dir='ltr'><strong><em>ὁμόλεκτρος,</em></strong></span> <span class='ocrx_word' id='word_1_47' title='bbox 1394 521 1442 547; x_wconf 58' lang='lat'><strong>³²*</strong></span> <span class='ocrx_word' id='word_1_48' title='bbox 1466 521 1581 562; x_wconf 80' lang='lat' dir='ltr'><strong>cuius</strong></span> <span class='ocrx_word' id='word_1_49' title='bbox 1611 520 1706 561; x_wconf 87' lang='lat' dir='ltr'><strong>vide</strong></span> 
     </span>
     <span class='ocr_line' id='line_1_7' title="bbox 211 590 1706 645; baseline 0.001 -17"><span class='ocrx_word' id='word_1_50' title='bbox 211 600 333 642; x_wconf 85' lang='lat' dir='ltr'><strong>quam</strong></span> <span class='ocrx_word' id='word_1_51' title='bbox 372 601 541 642; x_wconf 85' lang='lat' dir='ltr'><strong>prorsus</strong></span> <span class='ocrx_word' id='word_1_52' title='bbox 578 590 722 631; x_wconf 78' lang='lat' dir='ltr'><strong>eadem</strong></span> <span class='ocrx_word' id='word_1_53' title='bbox 766 590 820 631; x_wconf 86' lang='lat' dir='ltr'><strong>sit</strong></span> <span class='ocrx_word' id='word_1_54' title='bbox 859 591 982 639; x_wconf 84' lang='lat' dir='ltr'><strong>ratio,</strong></span> <span class='ocrx_word' id='word_1_55' title='bbox 1030 604 1154 645; x_wconf 85' lang='lat' dir='ltr'><strong>quum</strong></span> <span class='ocrx_word' id='word_1_56' title='bbox 1193 590 1325 633; x_wconf 77' lang='lat' dir='ltr'><strong>Orest.</strong></span> <span class='ocrx_word' id='word_1_57' title='bbox 1364 594 1449 633; x_wconf 84' lang='grc'><strong>476</strong></span> <span class='ocrx_word' id='word_1_58' title='bbox 1488 591 1706 645; x_wconf 79' lang='lat' dir='ltr'><strong>Tyndarus</strong></span> 
     </span>
     <span class='ocr_line' id='line_1_8' title="bbox 210 653 1707 715; baseline 0.003 -18"><span class='ocrx_word' id='word_1_59' title='bbox 210 659 469 712; x_wconf 78' lang='lat' dir='ltr'><strong>nuncupetur</strong></span> <span class='ocrx_word' id='word_1_60' title='bbox 497 655 639 715; x_wconf 77' lang='grc' dir='ltr'>Ζηνὸς</span> <span class='ocrx_word' id='word_1_61' title='bbox 667 653 924 714; x_wconf 79' lang='grc' dir='ltr'><strong><em>ὁμόλεκτρον</em></strong></span> <span class='ocrx_word' id='word_1_62' title='bbox 954 654 1065 714; x_wconf 81' lang='grc' dir='ltr'><strong><em>κάρα</em></strong></span> <span class='ocrx_word' id='word_1_63' title='bbox 1073 657 1086 710; x_wconf 82' lang='grc'><strong>’,</strong></span> <span class='ocrx_word' id='word_1_64' title='bbox 1119 660 1192 700; x_wconf 86' lang='lat' dir='ltr'><strong>sed</strong></span> <span class='ocrx_word' id='word_1_65' title='bbox 1224 663 1308 702; x_wconf 85' lang='lat'><strong>508</strong></span> <span class='ocrx_word' id='word_1_66' title='bbox 1344 662 1496 703; x_wconf 76' lang='lat' dir='ltr'><strong>coniux</strong></span> <span class='ocrx_word' id='word_1_67' title='bbox 1524 655 1707 712; x_wconf 67' lang='grc' dir='ltr'><strong><em>ὁμόλεκ-</em></strong></span> 
     </span>
     <span class='ocr_line' id='line_1_9' title="bbox 213 724 1708 785; baseline 0.003 -17"><span class='ocrx_word' id='word_1_68' title='bbox 213 740 317 782; x_wconf 82' lang='grc' dir='ltr'><strong><em>τρος</em></strong></span> <span class='ocrx_word' id='word_1_69' title='bbox 344 724 471 785; x_wconf 79' lang='grc' dir='ltr'><em>γυνή,·</em></span> <span class='ocrx_word' id='word_1_70' title='bbox 500 730 678 769; x_wconf 85' lang='lat' dir='ltr'><strong>ceterum</strong></span> <span class='ocrx_word' id='word_1_71' title='bbox 708 729 859 782; x_wconf 78' lang='lat' dir='ltr'><strong>legitur</strong></span> <span class='ocrx_word' id='word_1_72' title='bbox 882 727 985 769; x_wconf 90' lang='lat' dir='ltr'><strong>Plut.</strong></span> <span class='ocrx_word' id='word_1_73' title='bbox 1014 728 1065 769; x_wconf 89' lang='lat' dir='ltr'><strong>V.</strong></span> <span class='ocrx_word' id='word_1_74' title='bbox 1093 728 1211 770; x_wconf 86' lang='lat' dir='ltr'><strong>Hom.</strong></span> <span class='ocrx_word' id='word_1_75' title='bbox 1242 733 1297 771; x_wconf 82' lang='lat'><strong>96</strong></span> <span class='ocrx_word' id='word_1_76' title='bbox 1336 732 1384 772; x_wconf 79' lang='lat' dir='ltr'><strong>et</strong></span> <span class='ocrx_word' id='word_1_77' title='bbox 1417 729 1579 772; x_wconf 84' lang='lat' dir='ltr'><strong>Anthol.</strong></span> <span class='ocrx_word' id='word_1_78' title='bbox 1607 729 1708 782; x_wconf 85' lang='lat' dir='ltr'><strong>-VII,</strong></span> 
     </span>
     <span class='ocr_line' id='line_1_10' title="bbox 216 794 1727 854; baseline 0 -16"><span class='ocrx_word' id='word_1_79' title='bbox 216 799 326 848; x_wconf 82' lang='lat'><strong>295,</strong></span> <span class='ocrx_word' id='word_1_80' title='bbox 364 801 410 848; x_wconf 81' lang='lat'><strong>93</strong></span> <span class='ocrx_word' id='word_1_81' title='bbox 451 798 689 840; x_wconf 73' lang='lat' dir='ltr'><strong>insolentius</strong></span> <span class='ocrx_word' id='word_1_82' title='bbox 729 801 865 838; x_wconf 90' lang='lat' dir='ltr'><strong>autem</strong></span> <span class='ocrx_word' id='word_1_83' title='bbox 898 798 1048 839; x_wconf 88' lang='lat' dir='ltr'><strong>dictum</strong></span> <span class='ocrx_word' id='word_1_84' title='bbox 1084 801 1169 839; x_wconf 86' lang='lat' dir='ltr'><strong>est:</strong></span> <span class='ocrx_word' id='word_1_85' title='bbox 1209 794 1475 854; x_wconf 78' lang='grc' dir='ltr'><strong><em>ὃμογενέτωρ</em></strong></span> <span class='ocrx_word' id='word_1_86' title='bbox 1495 798 1521 833; x_wconf 78' lang='lat'><strong>*-</strong></span> <span class='ocrx_word' id='word_1_87' title='bbox 1559 798 1727 839; x_wconf 63' lang='lat' dir='ltr'><strong>Phoen-</strong></span> 
     </span>
     <span class='ocr_line' id='line_1_11' title="bbox 218 867 1707 924; baseline 0.001 -17"><span class='ocrx_word' id='word_1_88' title='bbox 218 869 301 908; x_wconf 83' lang='grc'><strong>165</strong></span> <span class='ocrx_word' id='word_1_89' title='bbox 328 879 362 907; x_wconf 86' lang='lat' dir='ltr'><strong>c.</strong></span> <span class='ocrx_word' id='word_1_90' title='bbox 402 867 593 921; x_wconf 86' lang='lat' dir='ltr'><strong>neglecta</strong></span> <span class='ocrx_word' id='word_1_91' title='bbox 629 867 920 910; x_wconf 75' lang='lat' dir='ltr'><strong>terminationis</strong></span> <span class='ocrx_word' id='word_1_92' title='bbox 962 869 1003 910; x_wconf 84' lang='lat' dir='ltr'><strong>vi</strong></span> <span class='ocrx_word' id='word_1_93' title='bbox 1039 868 1064 910; x_wconf 92' lang='lat' dir='ltr'><strong>i.</strong></span> <span class='ocrx_word' id='word_1_94' title='bbox 1097 884 1132 924; x_wconf 93' lang='lat' dir='ltr'><strong>q.</strong></span> <span class='ocrx_word' id='word_1_95' title='bbox 1156 868 1320 923; x_wconf 75' lang='lat' dir='ltr'><strong>frater,</strong></span> <span class='ocrx_word' id='word_1_96' title='bbox 1365 882 1392 911; x_wconf 90' lang='lat' dir='ltr'><strong>a</strong></span> <span class='ocrx_word' id='word_1_97' title='bbox 1427 881 1509 922; x_wconf 84' lang='lat' dir='ltr'><strong>qua</strong></span> <span class='ocrx_word' id='word_1_98' title='bbox 1544 868 1707 910; x_wconf 84' lang='lat' dir='ltr'><strong>licentia</strong></span> 
     </span>
     <span class='ocr_line' id='line_1_12' title="bbox 214 937 1707 996; baseline 0.002 -20"><span class='ocrx_word' id='word_1_99' title='bbox 214 940 501 990; x_wconf 83' lang='lat' dir='ltr'><strong>argumentum</strong></span> <span class='ocrx_word' id='word_1_100' title='bbox 529 941 695 992; x_wconf 86' lang='lat' dir='ltr'><strong>petant,</strong></span> <span class='ocrx_word' id='word_1_101' title='bbox 723 939 793 993; x_wconf 89' lang='lat' dir='ltr'><strong>qui</strong></span> <span class='ocrx_word' id='word_1_102' title='bbox 822 953 947 994; x_wconf 86' lang='lat' dir='ltr'><strong>supra</strong></span> <span class='ocrx_word' id='word_1_103' title='bbox 976 954 1013 994; x_wconf 88' lang='lat' dir='ltr'><strong>p.</strong></span> <span class='ocrx_word' id='word_1_104' title='bbox 1030 941 1092 981; x_wconf 85' lang='grc'><strong>24</strong></span> <span class='ocrx_word' id='word_1_105' title='bbox 1121 937 1413 996; x_wconf 77' lang='grc' dir='ltr'><strong><em>συγγενέτειρα</em></strong></span> <span class='ocrx_word' id='word_1_106' title='bbox 1442 953 1558 982; x_wconf 72' lang='lat' dir='ltr'><strong>soror</strong></span> <span class='ocrx_word' id='word_1_107' title='bbox 1584 940 1707 980; x_wconf 88' lang='lat' dir='ltr'><strong>inter-</strong></span> 
     </span>
     <span class='ocr_line' id='line_1_13' title="bbox 214 1002 1709 1060; baseline 0.001 -13"><span class='ocrx_word' id='word_1_108' title='bbox 214 1007 439 1060; x_wconf 84' lang='lat' dir='ltr'><strong>pretantur.</strong></span> <span class='ocrx_word' id='word_1_109' title='bbox 498 1006 568 1049; x_wconf 81' lang='lat' dir='ltr'><strong>Ex</strong></span> <span class='ocrx_word' id='word_1_110' title='bbox 597 1002 732 1050; x_wconf 80' lang='grc' dir='ltr'><strong><em>πάλιν</em></strong></span> <span class='ocrx_word' id='word_1_111' title='bbox 776 1014 872 1050; x_wconf 85' lang='lat' dir='ltr'><strong>sunt</strong></span> <span class='ocrx_word' id='word_1_112' title='bbox 910 1009 1008 1050; x_wconf 86' lang='lat' dir='ltr'><strong>item</strong></span> <span class='ocrx_word' id='word_1_113' title='bbox 1039 1010 1243 1051; x_wconf 78' lang='lat' dir='ltr'><strong>nonnuila.</strong></span> <span class='ocrx_word' id='word_1_114' title='bbox 1304 1009 1613 1051; x_wconf 73' lang='lat' dir='ltr'><strong>substantivum</strong></span> <span class='ocrx_word' id='word_1_115' title='bbox 1643 1010 1709 1049; x_wconf 80' lang='lat' dir='ltr'><strong>eet</strong></span> 
     </span>
     <span class='ocr_line' id='line_1_14' title="bbox 214 1073 1707 1121; baseline 0 -3"><span class='ocrx_word' id='word_1_116' title='bbox 214 1077 443 1119; x_wconf 86' lang='lat' dir='ltr'><strong>certissima</strong></span> <span class='ocrx_word' id='word_1_117' title='bbox 477 1078 647 1120; x_wconf 86' lang='lat' dir='ltr'><strong>Poreoni</strong></span> <span class='ocrx_word' id='word_1_118' title='bbox 684 1080 935 1121; x_wconf 85' lang='lat' dir='ltr'><strong>coniectura:</strong></span> <span class='ocrx_word' id='word_1_119' title='bbox 981 1073 1282 1121; x_wconf 75' lang='grc' dir='ltr'><strong><em>παλινσκοπιοὶ</em></strong></span> <span class='ocrx_word' id='word_1_120' title='bbox 1303 1080 1327 1105; x_wconf 82' lang='grc'><strong>*</strong></span> <span class='ocrx_word' id='word_1_121' title='bbox 1364 1078 1497 1120; x_wconf 83' lang='lat' dir='ltr'><strong>Oreet.</strong></span> <span class='ocrx_word' id='word_1_122' title='bbox 1531 1081 1643 1120; x_wconf 79' lang='lat'>1264</span> <span class='ocrx_word' id='word_1_123' title='bbox 1675 1088 1707 1118; x_wconf 81' lang='lat' dir='ltr'><strong>c.</strong></span> 
     </span>
     <span class='ocr_line' id='line_1_15' title="bbox 215 1147 1706 1205; baseline 0.001 -18"><span class='ocrx_word' id='word_1_124' title='bbox 215 1148 258 1187; x_wconf 80' lang='lat' dir='ltr'><strong>in</strong></span> <span class='ocrx_word' id='word_1_125' title='bbox 304 1149 549 1189; x_wconf 78' lang='lat' dir='ltr'><strong>contrariam</strong></span> <span class='ocrx_word' id='word_1_126' title='bbox 587 1151 751 1204; x_wconf 77' lang='lat' dir='ltr'><strong>partem</strong></span> <span class='ocrx_word' id='word_1_127' title='bbox 797 1152 1024 1205; x_wconf 64' lang='lat' dir='ltr'><strong>oon-spectus</strong></span> <span class='ocrx_word' id='word_1_128' title='bbox 1070 1149 1405 1190; x_wconf 83' lang='lat' dir='ltr'><strong>adverbiaecente</strong></span> <span class='ocrx_word' id='word_1_129' title='bbox 1454 1147 1706 1199; x_wconf 74' lang='lat' dir='ltr'><strong>accusativo5</strong></span> 
     </span>
     <span class='ocr_line' id='line_1_16' title="bbox 213 1213 1749 1275; baseline 0.001 -17"><span class='ocrx_word' id='word_1_130' title='bbox 213 1219 352 1259; x_wconf 88' lang='lat' dir='ltr'><strong>cetera</strong></span> <span class='ocrx_word' id='word_1_131' title='bbox 390 1218 590 1259; x_wconf 85' lang='lat' dir='ltr'><strong>adiectiva</strong></span> <span class='ocrx_word' id='word_1_132' title='bbox 629 1222 743 1260; x_wconf 87' lang='lat' dir='ltr'><strong>sunt:</strong></span> <span class='ocrx_word' id='word_1_133' title='bbox 781 1215 1059 1275; x_wconf 79' lang='grc' dir='ltr'><strong><em>παλίρροπον</em></strong></span> <span class='ocrx_word' id='word_1_134' title='bbox 1076 1220 1100 1246; x_wconf 85' lang='grc'>*</span> <span class='ocrx_word' id='word_1_135' title='bbox 1137 1217 1234 1275; x_wconf 80' lang='grc' dir='ltr'><strong>γόνυ</strong></span> <span class='ocrx_word' id='word_1_136' title='bbox 1282 1220 1344 1262; x_wconf 90' lang='lat' dir='ltr'><strong>El.</strong></span> <span class='ocrx_word' id='word_1_137' title='bbox 1382 1223 1467 1261; x_wconf 81' lang='grc'><strong>492</strong></span> <span class='ocrx_word' id='word_1_138' title='bbox 1481 1253 1492 1271; x_wconf 86' lang='grc'><em>,</em></span> <span class='ocrx_word' id='word_1_139' title='bbox 1544 1213 1706 1274; x_wconf 84' lang='grc' dir='ltr'><strong><em>παλίρ-</em></strong></span> <span class='ocrx_word' id='word_1_140' title='bbox 1745 1232 1749 1234; x_wconf 82' lang='grc'><strong>’</strong></span> 
     </span>
     <span class='ocr_line' id='line_1_17' title="bbox 215 1282 1709 1344; baseline -0.001 -15"><span class='ocrx_word' id='word_1_141' title='bbox 215 1300 316 1343; x_wconf 87' lang='grc' dir='ltr'><strong><em>ροος</em></strong></span> <span class='ocrx_word' id='word_1_142' title='bbox 335 1286 383 1312; x_wconf 86' lang='grc'><strong>**</strong></span> <span class='ocrx_word' id='word_1_143' title='bbox 413 1282 578 1330; x_wconf 79' lang='grc' dir='ltr'><strong><em>κλύδων</em></strong></span> <span class='ocrx_word' id='word_1_144' title='bbox 610 1290 697 1344; x_wconf 90' lang='lat' dir='ltr'><strong>Iph.</strong></span> <span class='ocrx_word' id='word_1_145' title='bbox 727 1289 772 1330; x_wconf 86' lang='grc' dir='ltr'><strong>Τ.</strong></span> <span class='ocrx_word' id='word_1_146' title='bbox 802 1293 935 1341; x_wconf 85' lang='grc'><strong>1397,</strong></span> <span class='ocrx_word' id='word_1_147' title='bbox 964 1290 1032 1343; x_wconf 87' lang='lat' dir='ltr'><strong>fig.</strong></span> <span class='ocrx_word' id='word_1_148' title='bbox 1063 1284 1235 1344; x_wconf 81' lang='grc' dir='ltr'><strong><em>πότμος</em></strong></span> <span class='ocrx_word' id='word_1_149' title='bbox 1262 1289 1314 1331; x_wconf 86' lang='grc' dir='ltr'><strong>Η.</strong></span> <span class='ocrx_word' id='word_1_150' title='bbox 1345 1291 1370 1330; x_wconf 83' lang='lat' dir='ltr'><strong>f.</strong></span> <span class='ocrx_word' id='word_1_151' title='bbox 1404 1292 1486 1331; x_wconf 85' lang='grc'><strong>739</strong></span> <span class='ocrx_word' id='word_1_152' title='bbox 1508 1303 1563 1341; x_wconf 90' lang='lat' dir='ltr'><strong>c.,</strong></span> <span class='ocrx_word' id='word_1_153' title='bbox 1607 1283 1709 1329; x_wconf 79' lang='grc' dir='ltr'><strong><em>δίκα</em></strong></span> 
     </span>
     <span class='ocr_line' id='line_1_18' title="bbox 215 1352 1711 1414; baseline -0.001 -16"><span class='ocrx_word' id='word_1_154' title='bbox 215 1357 278 1399; x_wconf 83' lang='lat' dir='ltr'><strong>El.</strong></span> <span class='ocrx_word' id='word_1_155' title='bbox 313 1360 425 1399; x_wconf 89' lang='lat'>1155</span> <span class='ocrx_word' id='word_1_156' title='bbox 452 1371 507 1410; x_wconf 93' lang='lat' dir='ltr'><strong>c.,</strong></span> <span class='ocrx_word' id='word_1_157' title='bbox 540 1357 710 1413; x_wconf 88' lang='lat' dir='ltr'><strong>Oppian.</strong></span> <span class='ocrx_word' id='word_1_158' title='bbox 738 1359 830 1400; x_wconf 88' lang='lat' dir='ltr'><strong>Hal.</strong></span> <span class='ocrx_word' id='word_1_159' title='bbox 863 1359 927 1410; x_wconf 85' lang='grc' dir='ltr'><strong>ΙΙ,</strong></span> <span class='ocrx_word' id='word_1_160' title='bbox 964 1361 1072 1410; x_wconf 87' lang='grc'><strong>398,</strong></span> <span class='ocrx_word' id='word_1_161' title='bbox 1111 1359 1331 1414; x_wconf 83' lang='lat' dir='ltr'><strong>Tryphiod.</strong></span> <span class='ocrx_word' id='word_1_162' title='bbox 1362 1363 1436 1411; x_wconf 83' lang='lat'><strong>96,</strong></span> <span class='ocrx_word' id='word_1_163' title='bbox 1477 1352 1711 1414; x_wconf 82' lang='grc' dir='ltr'><strong><em>παλίμφα-</em></strong></span> 
     </span>
     <span class='ocr_line' id='line_1_19' title="bbox 214 1420 1712 1483; baseline 0 -15"><span class='ocrx_word' id='word_1_164' title='bbox 214 1442 299 1481; x_wconf 85' lang='grc' dir='ltr'><strong>μος</strong></span> <span class='ocrx_word' id='word_1_165' title='bbox 318 1426 366 1452; x_wconf 81' lang='lat'><strong>**</strong></span> <span class='ocrx_word' id='word_1_166' title='bbox 403 1420 534 1469; x_wconf 79' lang='grc' dir='ltr'><strong><em>ἆυιδοὶ</em></strong></span> <span class='ocrx_word' id='word_1_167' title='bbox 575 1424 656 1480; x_wconf 80' lang='grc' dir='ltr'><strong>(εἷς</strong></span> <span class='ocrx_word' id='word_1_168' title='bbox 694 1424 854 1483; x_wconf 69' lang='grc' dir='ltr'><strong><em>ἄνδρας</em></strong></span> <span class='ocrx_word' id='word_1_169' title='bbox 892 1424 987 1479; x_wconf 57' lang='grc' dir='ltr'><strong>ἷῖτω)</strong></span> <span class='ocrx_word' id='word_1_170' title='bbox 1025 1429 1110 1470; x_wconf 90' lang='lat' dir='ltr'><strong>Ion.</strong></span> <span class='ocrx_word' id='word_1_171' title='bbox 1153 1433 1264 1471; x_wconf 89' lang='grc'><strong>1096</strong></span> <span class='ocrx_word' id='word_1_172' title='bbox 1295 1444 1327 1471; x_wconf 89' lang='lat' dir='ltr'><strong>c.</strong></span> <span class='ocrx_word' id='word_1_173' title='bbox 1362 1431 1540 1471; x_wconf 63' lang='lat' dir='ltr'><strong>vioiwim</strong></span> <span class='ocrx_word' id='word_1_174' title='bbox 1579 1441 1712 1482; x_wconf 78' lang='lat' dir='ltr'><strong>repre-</strong></span> 
     </span>
     <span class='ocr_line' id='line_1_20' title="bbox 215 1496 1712 1551; baseline -0.002 -12"><span class='ocrx_word' id='word_1_175' title='bbox 215 1499 351 1539; x_wconf 63' lang='lat' dir='ltr'><strong>heum</strong></span> <span class='ocrx_word' id='word_1_176' title='bbox 369 1496 486 1538; x_wconf 75' lang='lat' dir='ltr'><strong>eadat</strong></span> <span class='ocrx_word' id='word_1_177' title='bbox 513 1496 557 1537; x_wconf 74' lang='lat' dir='ltr'><strong>in</strong></span> <span class='ocrx_word' id='word_1_178' title='bbox 584 1500 693 1539; x_wconf 76' lang='lat' dir='ltr'><strong>viros</strong></span> <span class='ocrx_word' id='word_1_179' title='bbox 704 1529 716 1548; x_wconf 87' lang='lat'><em>‚</em></span> <span class='ocrx_word' id='word_1_180' title='bbox 748 1497 966 1551; x_wconf 83' lang='lat' dir='ltr'><strong>Tryphiod.</strong></span> <span class='ocrx_word' id='word_1_181' title='bbox 989 1501 1073 1539; x_wconf 83' lang='lat'><strong>423</strong></span> <span class='ocrx_word' id='word_1_182' title='bbox 1086 1523 1097 1548; x_wconf 64' lang='lat'><em>⁵</em></span> <span class='ocrx_word' id='word_1_183' title='bbox 1128 1498 1240 1538; x_wconf 90' lang='lat' dir='ltr'><strong>Philo</strong></span> <span class='ocrx_word' id='word_1_184' title='bbox 1271 1500 1335 1548; x_wconf 80' lang='lat' dir='ltr'><strong>aL,</strong></span> <span class='ocrx_word' id='word_1_185' title='bbox 1358 1501 1538 1538; x_wconf 85' lang='lat' dir='ltr'><strong>ceterum</strong></span> <span class='ocrx_word' id='word_1_186' title='bbox 1568 1497 1712 1537; x_wconf 85' lang='lat' dir='ltr'><strong>adnas-</strong></span> 
     </span>
     <span class='ocr_line' id='line_1_21' title="bbox 217 1563 1713 1621; baseline -0.003 -12"><span class='ocrx_word' id='word_1_187' title='bbox 217 1568 323 1609; x_wconf 85' lang='lat' dir='ltr'><strong>citur</strong></span> <span class='ocrx_word' id='word_1_188' title='bbox 363 1566 611 1620; x_wconf 72' lang='lat' dir='ltr'><strong>significatio‘</strong></span> <span class='ocrx_word' id='word_1_189' title='bbox 640 1563 912 1619; x_wconf 79' lang='grc' dir='ltr'><strong><em>δυςκέλαδος,</em></strong></span> <span class='ocrx_word' id='word_1_190' title='bbox 949 1580 1053 1620; x_wconf 89' lang='lat' dir='ltr'><strong>quae</strong></span> <span class='ocrx_word' id='word_1_191' title='bbox 1083 1570 1149 1608; x_wconf 89' lang='lat' dir='ltr'><strong>est</strong></span> <span class='ocrx_word' id='word_1_192' title='bbox 1184 1568 1225 1608; x_wconf 88' lang='lat' dir='ltr'><strong>in</strong></span> <span class='ocrx_word' id='word_1_193' title='bbox 1268 1567 1586 1621; x_wconf 83' lang='lat' dir='ltr'><strong>lexicographis;</strong></span> <span class='ocrx_word' id='word_1_194' title='bbox 1623 1579 1713 1606; x_wconf 85' lang='grc' dir='ltr'><strong>πα-</strong></span> 
     </span>
     <span class='ocr_line' id='line_1_22' title="bbox 218 1632 1712 1694; baseline -0.002 -16"><span class='ocrx_word' id='word_1_195' title='bbox 218 1634 485 1694; x_wconf 77' lang='grc' dir='ltr'><strong><em>λιμβλαστὴς</em></strong></span> <span class='ocrx_word' id='word_1_196' title='bbox 504 1636 556 1661; x_wconf 68' lang='lat'><strong>*⁴*</strong></span> <span class='ocrx_word' id='word_1_197' title='bbox 586 1632 694 1693; x_wconf 65' lang='lat' dir='ltr'><strong>i‘dpa</strong></span> <span class='ocrx_word' id='word_1_198' title='bbox 722 1637 843 1679; x_wconf 88' lang='lat' dir='ltr'><strong>Herc.</strong></span> <span class='ocrx_word' id='word_1_199' title='bbox 874 1639 898 1679; x_wconf 82' lang='lat' dir='ltr'><strong>s.</strong></span> <span class='ocrx_word' id='word_1_200' title='bbox 931 1640 1063 1690; x_wconf 84' lang='lat'>1274,</span> <span class='ocrx_word' id='word_1_201' title='bbox 1098 1638 1297 1692; x_wconf 85' lang='lat' dir='ltr'><strong>Theophr.</strong></span> <span class='ocrx_word' id='word_1_202' title='bbox 1329 1637 1372 1680; x_wconf 81' lang='lat' dir='ltr'><strong>O.</strong></span> <span class='ocrx_word' id='word_1_203' title='bbox 1399 1637 1566 1689; x_wconf 57' lang='lat' dir='ltr'><strong>PleIV,</strong></span> <span class='ocrx_word' id='word_1_204' title='bbox 1595 1638 1643 1686; x_wconf 88' lang='lat'><strong>8,</strong></span> <span class='ocrx_word' id='word_1_205' title='bbox 1675 1638 1712 1676; x_wconf 88' lang='lat'><strong>5.</strong></span> 
     </span>
    </p>

    <p class='ocr_par' dir='ltr' id='par_1_3' title="bbox 195 1707 1718 2179">
     <span class='ocr_line' id='line_1_23' title="bbox 337 1707 1715 1763; baseline 0.007 -15"><span class='ocrx_word' id='word_1_206' title='bbox 337 1707 414 1748; x_wconf 87' lang='lat' dir='ltr'><strong>His</strong></span> <span class='ocrx_word' id='word_1_207' title='bbox 455 1708 611 1749; x_wconf 83' lang='lat' dir='ltr'><strong>exactis</strong></span> <span class='ocrx_word' id='word_1_208' title='bbox 648 1708 844 1749; x_wconf 80' lang='lat' dir='ltr'><strong>transitus</strong></span> <span class='ocrx_word' id='word_1_209' title='bbox 880 1710 995 1763; x_wconf 86' lang='lat' dir='ltr'><strong>patet</strong></span> <span class='ocrx_word' id='word_1_210' title='bbox 1032 1709 1084 1748; x_wconf 87' lang='lat' dir='ltr'><strong>ad</strong></span> <span class='ocrx_word' id='word_1_211' title='bbox 1124 1709 1317 1750; x_wconf 84' lang='lat' dir='ltr'><strong>adverbia</strong></span> <span class='ocrx_word' id='word_1_212' title='bbox 1343 1709 1380 1754; x_wconf 72' lang='grc' dir='ltr'><strong>ἰἶ</strong></span> <span class='ocrx_word' id='word_1_213' title='bbox 1408 1709 1455 1754; x_wconf 50' lang='grc' dir='ltr'><strong><em>ἦ</em></strong></span> <span class='ocrx_word' id='word_1_214' title='bbox 1483 1708 1571 1757; x_wconf 47' lang='grc' dir='ltr'><strong>ὃτι-τ’,</strong></span> <span class='ocrx_word' id='word_1_215' title='bbox 1611 1718 1715 1759; x_wconf 68' lang='lat' dir='ltr'><strong>quae</strong></span> 
     </span>
     <span class='ocr_line' id='line_1_24' title="bbox 219 1776 1716 1834; baseline -0.002 -15"><span class='ocrx_word' id='word_1_216' title='bbox 219 1779 454 1833; x_wconf 88' lang='lat' dir='ltr'><strong>possessiva</strong></span> <span class='ocrx_word' id='word_1_217' title='bbox 493 1782 559 1821; x_wconf 88' lang='lat' dir='ltr'><strong>sat</strong></span> <span class='ocrx_word' id='word_1_218' title='bbox 594 1779 743 1830; x_wconf 89' lang='lat' dir='ltr'><strong>multa,</strong></span> <span class='ocrx_word' id='word_1_219' title='bbox 783 1779 856 1819; x_wconf 90' lang='lat' dir='ltr'><strong>sed</strong></span> <span class='ocrx_word' id='word_1_220' title='bbox 893 1779 1011 1834; x_wconf 83' lang='lat' dir='ltr'><strong>plura</strong></span> <span class='ocrx_word' id='word_1_221' title='bbox 1039 1778 1161 1820; x_wconf 88' lang='lat' dir='ltr'><strong>etiam</strong></span> <span class='ocrx_word' id='word_1_222' title='bbox 1190 1779 1500 1821; x_wconf 82' lang='lat' dir='ltr'><strong>determinativa</strong></span> <span class='ocrx_word' id='word_1_223' title='bbox 1528 1776 1716 1833; x_wconf 87' lang='lat' dir='ltr'><strong>suppedi-</strong></span> 
     </span>
     <span class='ocr_line' id='line_1_25' title="bbox 220 1846 1716 1903; baseline -0.001 -14"><span class='ocrx_word' id='word_1_224' title='bbox 220 1851 320 1890; x_wconf 84' lang='lat' dir='ltr'><strong>tant.</strong></span> <span class='ocrx_word' id='word_1_225' title='bbox 383 1847 485 1889; x_wconf 84' lang='lat' dir='ltr'><strong>Cum</strong></span> <span class='ocrx_word' id='word_1_226' title='bbox 516 1846 783 1888; x_wconf 78' lang='lat' dir='ltr'><strong>substantivis</strong></span> <span class='ocrx_word' id='word_1_227' title='bbox 812 1849 949 1889; x_wconf 89' lang='lat' dir='ltr'><strong>iuncta</strong></span> <span class='ocrx_word' id='word_1_228' title='bbox 977 1850 1136 1889; x_wconf 92' lang='lat' dir='ltr'><strong>omnino</strong></span> <span class='ocrx_word' id='word_1_229' title='bbox 1158 1850 1393 1902; x_wconf 82' lang='lat' dir='ltr'><strong>possessiva</strong></span> <span class='ocrx_word' id='word_1_230' title='bbox 1418 1853 1513 1889; x_wconf 88' lang='lat' dir='ltr'><strong>sunt</strong></span> <span class='ocrx_word' id='word_1_231' title='bbox 1533 1848 1716 1903; x_wconf 84' lang='lat' dir='ltr'><strong>exceptis</strong></span> 
     </span>
     <span class='ocr_line' id='line_1_26' title="bbox 221 1917 1718 1972; baseline 0 -14"><span class='ocrx_word' id='word_1_232' title='bbox 221 1918 292 1969; x_wconf 88' lang='lat' dir='ltr'><strong>iis,</strong></span> <span class='ocrx_word' id='word_1_233' title='bbox 318 1930 421 1972; x_wconf 87' lang='lat' dir='ltr'><strong>quae</strong></span> <span class='ocrx_word' id='word_1_234' title='bbox 449 1917 577 1970; x_wconf 88' lang='lat' dir='ltr'><strong>idem,</strong></span> <span class='ocrx_word' id='word_1_235' title='bbox 608 1918 673 1959; x_wconf 90' lang='lat' dir='ltr'><strong>cui</strong></span> <span class='ocrx_word' id='word_1_236' title='bbox 700 1921 977 1972; x_wconf 86' lang='lat' dir='ltr'><strong>apponuntur,</strong></span> <span class='ocrx_word' id='word_1_237' title='bbox 1006 1918 1304 1959; x_wconf 86' lang='lat' dir='ltr'><strong>substantivum</strong></span> <span class='ocrx_word' id='word_1_238' title='bbox 1334 1918 1550 1959; x_wconf 83' lang='lat' dir='ltr'><strong>continent.</strong></span> <span class='ocrx_word' id='word_1_239' title='bbox 1602 1918 1718 1959; x_wconf 84' lang='lat' dir='ltr'><strong>Talia</strong></span> 
     </span>
     <span class='ocr_line' id='line_1_27' title="bbox 195 1987 1717 2042; baseline -0.001 -15"><span class='ocrx_word' id='word_1_240' title='bbox 195 2001 248 2034; x_wconf 70' lang='lat' dir='ltr'><strong>‚a</strong></span> <span class='ocrx_word' id='word_1_241' title='bbox 278 1987 445 2040; x_wconf 85' lang='lat' dir='ltr'><strong>tragicis</strong></span> <span class='ocrx_word' id='word_1_242' title='bbox 471 2000 669 2042; x_wconf 84' lang='lat' dir='ltr'><strong>persaepe</strong></span> <span class='ocrx_word' id='word_1_243' title='bbox 699 1988 1007 2042; x_wconf 89' lang='lat' dir='ltr'><strong>apponebantur</strong></span> <span class='ocrx_word' id='word_1_244' title='bbox 1046 2001 1125 2028; x_wconf 90' lang='lat' dir='ltr'><strong>non</strong></span> <span class='ocrx_word' id='word_1_245' title='bbox 1160 1987 1308 2029; x_wconf 84' lang='lat' dir='ltr'><strong>nesciis</strong></span> <span class='ocrx_word' id='word_1_246' title='bbox 1346 1987 1554 2038; x_wconf 86' lang='lat' dir='ltr'><strong>nimirum,</strong></span> <span class='ocrx_word' id='word_1_247' title='bbox 1593 1998 1717 2041; x_wconf 90' lang='lat' dir='ltr'><strong>quan—</strong></span> 
     </span>
     <span class='ocr_line' id='line_1_28' title="bbox 220 2056 1713 2112; baseline -0.001 -13"><span class='ocrx_word' id='word_1_248' title='bbox 220 2061 302 2100; x_wconf 89' lang='lat' dir='ltr'><strong>tam</strong></span> <span class='ocrx_word' id='word_1_249' title='bbox 333 2072 407 2099; x_wconf 90' lang='lat' dir='ltr'><strong>suo</strong></span> <span class='ocrx_word' id='word_1_250' title='bbox 437 2058 525 2100; x_wconf 92' lang='lat' dir='ltr'><strong>loco</strong></span> <span class='ocrx_word' id='word_1_251' title='bbox 555 2057 818 2099; x_wconf 85' lang='lat' dir='ltr'><strong>acerbitatem</strong></span> <span class='ocrx_word' id='word_1_252' title='bbox 848 2056 1133 2112; x_wconf 89' lang='lat' dir='ltr'><strong>significarent.</strong></span> <span class='ocrx_word' id='word_1_253' title='bbox 1194 2058 1352 2100; x_wconf 86' lang='lat' dir='ltr'><strong>Verum</strong></span> <span class='ocrx_word' id='word_1_254' title='bbox 1379 2056 1610 2112; x_wconf 82' lang='lat' dir='ltr'><strong>Aeschylus</strong></span> <span class='ocrx_word' id='word_1_255' title='bbox 1640 2071 1713 2111; x_wconf 88' lang='lat' dir='ltr'><strong>pro</strong></span> 
     </span>
     <span class='ocr_line' id='line_1_29' title="bbox 223 2123 1718 2179; baseline 0.001 -12"><span class='ocrx_word' id='word_1_256' title='bbox 223 2128 472 2168; x_wconf 87' lang='lat' dir='ltr'><strong>sublimitate</strong></span> <span class='ocrx_word' id='word_1_257' title='bbox 502 2127 700 2168; x_wconf 87' lang='lat' dir='ltr'><strong>sermonis</strong></span> <span class='ocrx_word' id='word_1_258' title='bbox 734 2123 889 2169; x_wconf 89' lang='lat' dir='ltr'><strong>modice</strong></span> <span class='ocrx_word' id='word_1_259' title='bbox 917 2128 1089 2169; x_wconf 88' lang='lat' dir='ltr'><strong>accessit</strong></span> <span class='ocrx_word' id='word_1_260' title='bbox 1126 2128 1177 2169; x_wconf 89' lang='lat' dir='ltr'><strong>ad</strong></span> <span class='ocrx_word' id='word_1_261' title='bbox 1206 2128 1248 2169; x_wconf 91' lang='lat' dir='ltr'><strong>id</strong></span> <span class='ocrx_word' id='word_1_262' title='bbox 1277 2126 1515 2179; x_wconf 83' lang='lat' dir='ltr'><strong>artificium,</strong></span> <span class='ocrx_word' id='word_1_263' title='bbox 1553 2139 1578 2168; x_wconf 89' lang='lat' dir='ltr'><strong>a</strong></span> <span class='ocrx_word' id='word_1_264' title='bbox 1603 2128 1718 2169; x_wconf 87' lang='lat' dir='ltr'><strong>cuius</strong></span> 
     </span>
    </p>
   </div>
   <div class='ocr_carea' id='block_1_3' title="bbox 222 2198 1718 2253">
    <p class='ocr_par' dir='ltr' id='par_1_4' title="bbox 222 2198 1718 2253">
     <span class='ocr_line' id='line_1_30' title="bbox 222 2198 1718 2253; baseline -0.001 -14"><span class='ocrx_word' id='word_1_265' title='bbox 222 2199 352 2240; x_wconf 90' lang='lat' dir='ltr'><strong>abusu</strong></span> <span class='ocrx_word' id='word_1_266' title='bbox 382 2198 622 2253; x_wconf 89' lang='lat' dir='ltr'><strong>Sophoclem</strong></span> <span class='ocrx_word' id='word_1_267' title='bbox 651 2213 731 2240; x_wconf 91' lang='lat' dir='ltr'><strong>non</strong></span> <span class='ocrx_word' id='word_1_268' title='bbox 761 2212 853 2240; x_wconf 87' lang='lat' dir='ltr'><strong>raro</strong></span> <span class='ocrx_word' id='word_1_269' title='bbox 881 2200 1042 2253; x_wconf 89' lang='lat' dir='ltr'><strong>quidem</strong></span> <span class='ocrx_word' id='word_1_270' title='bbox 1074 2199 1148 2239; x_wconf 88' lang='lat' dir='ltr'><strong>sed</strong></span> <span class='ocrx_word' id='word_1_271' title='bbox 1178 2199 1397 2252; x_wconf 87' lang='lat' dir='ltr'><strong>aptissimis</strong></span> <span class='ocrx_word' id='word_1_272' title='bbox 1427 2199 1587 2239; x_wconf 88' lang='lat' dir='ltr'><strong>nonnisi</strong></span> <span class='ocrx_word' id='word_1_273' title='bbox 1619 2198 1718 2239; x_wconf 90' lang='lat' dir='ltr'><strong>locis</strong></span> 
     </span>
    </p>
   </div>
   <div class='ocr_carea' id='block_1_4' title="bbox 221 2264 1800 2327">
    <p class='ocr_par' dir='ltr' id='par_1_5' title="bbox 221 2264 1800 2327">
     <span class='ocr_line' id='line_1_31' title="bbox 221 2264 1800 2327; baseline -0.001 -18"><span class='ocrx_word' id='word_1_274' title='bbox 221 2270 369 2309; x_wconf 85' lang='lat' dir='ltr'><strong>talibus</strong></span> <span class='ocrx_word' id='word_1_275' title='bbox 396 2269 678 2322; x_wconf 86' lang='lat' dir='ltr'><strong>indulgentem</strong></span> <span class='ocrx_word' id='word_1_276' title='bbox 709 2268 864 2327; x_wconf 83' lang='lat' dir='ltr'><strong>ingenii</strong></span> <span class='ocrx_word' id='word_1_277' title='bbox 901 2281 1103 2322; x_wconf 87' lang='lat' dir='ltr'><strong>generosa</strong></span> <span class='ocrx_word' id='word_1_278' title='bbox 1133 2268 1332 2322; x_wconf 87' lang='lat' dir='ltr'><strong>quaedam</strong></span> <span class='ocrx_word' id='word_1_279' title='bbox 1358 2267 1596 2322; x_wconf 88' lang='lat' dir='ltr'><strong>temperatio</strong></span> <span class='ocrx_word' id='word_1_280' title='bbox 1626 2264 1717 2323; x_wconf 58' lang='lat' dir='ltr'><strong>pro&#39;l</strong></span> <span class='ocrx_word' id='word_1_281' title='bbox 1796 2289 1800 2291; x_wconf 77' lang='grc'><strong>-</strong></span> 
     </span>
    </p>
   </div>
   <div class='ocr_carea' id='block_1_5' title="bbox 221 2337 1718 2814">
    <p class='ocr_par' dir='ltr' id='par_1_6' title="bbox 221 2337 1718 2814">
     <span class='ocr_line' id='line_1_32' title="bbox 221 2337 1718 2394; baseline -0.002 -15"><span class='ocrx_word' id='word_1_282' title='bbox 221 2339 386 2379; x_wconf 83' lang='lat' dir='ltr'><strong>biberet.</strong></span> <span class='ocrx_word' id='word_1_283' title='bbox 458 2339 541 2380; x_wconf 88' lang='lat' dir='ltr'><strong>Sed</strong></span> <span class='ocrx_word' id='word_1_284' title='bbox 578 2338 763 2394; x_wconf 85' lang='lat' dir='ltr'><strong>Euripidi</strong></span> <span class='ocrx_word' id='word_1_285' title='bbox 804 2337 1136 2392; x_wconf 82' lang='grc' dir='ltr'><strong><em>λεπτολογοῖ·ντι</em></strong></span> <span class='ocrx_word' id='word_1_286' title='bbox 1188 2341 1231 2379; x_wconf 87' lang='lat' dir='ltr'><strong>et</strong></span> <span class='ocrx_word' id='word_1_287' title='bbox 1276 2339 1435 2379; x_wconf 84' lang='lat' dir='ltr'><strong>fucatae</strong></span> <span class='ocrx_word' id='word_1_288' title='bbox 1487 2338 1718 2377; x_wconf 86' lang='lat' dir='ltr'><strong>acerbitatis</strong></span> 
     </span>
     <span class='ocr_line' id='line_1_33' title="bbox 221 2407 1718 2464; baseline -0.002 -15"><span class='ocrx_word' id='word_1_289' title='bbox 221 2408 519 2450; x_wconf 82' lang='lat' dir='ltr'><strong>studiosissimo</strong></span> <span class='ocrx_word' id='word_1_290' title='bbox 557 2411 704 2463; x_wconf 88' lang='lat' dir='ltr'><strong>poetae</strong></span> <span class='ocrx_word' id='word_1_291' title='bbox 745 2408 841 2464; x_wconf 93' lang='lat' dir='ltr'><strong>quid</strong></span> <span class='ocrx_word' id='word_1_292' title='bbox 873 2408 1019 2450; x_wconf 84' lang='lat' dir='ltr'><strong>eredas</strong></span> <span class='ocrx_word' id='word_1_293' title='bbox 1057 2407 1189 2462; x_wconf 86' lang='lat' dir='ltr'><strong>magis</strong></span> <span class='ocrx_word' id='word_1_294' title='bbox 1231 2407 1417 2449; x_wconf 87' lang='lat' dir='ltr'><strong>arrisisse</strong></span> <span class='ocrx_word' id='word_1_295' title='bbox 1457 2419 1577 2461; x_wconf 87' lang='lat' dir='ltr'><strong>quam</strong></span> <span class='ocrx_word' id='word_1_296' title='bbox 1618 2407 1718 2447; x_wconf 87' lang='lat' dir='ltr'><strong>haec</strong></span> 
     </span>
     <span class='ocr_line' id='line_1_34' title="bbox 222 2469 1717 2540; baseline -0.003 -21"><span class='ocrx_word' id='word_1_297' title='bbox 222 2473 531 2540; x_wconf 54' lang='lat' dir='ltr'><strong>‘opecstezfitmva&#39;</strong></span> <span class='ocrx_word' id='word_1_298' title='bbox 569 2481 612 2519; x_wconf 91' lang='lat' dir='ltr'><strong>et</strong></span> <span class='ocrx_word' id='word_1_299' title='bbox 650 2473 856 2539; x_wconf 55' lang='grc' dir='ltr'><strong>(ἀκριβῶν</strong></span> <span class='ocrx_word' id='word_1_300' title='bbox 887 2475 1021 2532; x_wconf 83' lang='grc' dir='ltr'><strong><em>λόγων</em></strong></span> <span class='ocrx_word' id='word_1_301' title='bbox 1053 2469 1391 2529; x_wconf 80' lang='grc' dir='ltr'><strong><em>σκινδαλάμους’</em></strong></span> <span class='ocrx_word' id='word_1_302' title='bbox 1425 2500 1478 2506; x_wconf 88' lang='lat'><strong>--</strong></span> <span class='ocrx_word' id='word_1_303' title='bbox 1515 2488 1647 2528; x_wconf 88' lang='lat' dir='ltr'><strong>neque</strong></span> <span class='ocrx_word' id='word_1_304' title='bbox 1676 2476 1717 2515; x_wconf 92' lang='lat' dir='ltr'><strong>id</strong></span> 
     </span>
     <span class='ocr_line' id='line_1_35' title="bbox 221 2544 1716 2604; baseline -0.003 -13"><span class='ocrx_word' id='word_1_305' title='bbox 221 2549 327 2604; x_wconf 88' lang='lat' dir='ltr'><strong>fugit</strong></span> <span class='ocrx_word' id='word_1_306' title='bbox 355 2547 530 2590; x_wconf 89' lang='lat' dir='ltr'><strong>Lobeck.</strong></span> <span class='ocrx_word' id='word_1_307' title='bbox 560 2547 731 2602; x_wconf 83' lang='lat' dir='ltr'><strong>Paralip.</strong></span> <span class='ocrx_word' id='word_1_308' title='bbox 762 2561 798 2602; x_wconf 91' lang='lat' dir='ltr'><strong>p.</strong></span> <span class='ocrx_word' id='word_1_309' title='bbox 835 2550 919 2589; x_wconf 87' lang='lat'><strong>230</strong></span> <span class='ocrx_word' id='word_1_310' title='bbox 956 2572 1009 2578; x_wconf 94' lang='lat'>—</span> <span class='ocrx_word' id='word_1_311' title='bbox 1044 2547 1129 2588; x_wconf 86' lang='lat' dir='ltr'><strong>fere</strong></span> <span class='ocrx_word' id='word_1_312' title='bbox 1165 2550 1212 2588; x_wconf 90' lang='lat' dir='ltr'><strong>ut</strong></span> <span class='ocrx_word' id='word_1_313' title='bbox 1246 2549 1403 2588; x_wconf 87' lang='lat' dir='ltr'><strong>rectum</strong></span> <span class='ocrx_word' id='word_1_314' title='bbox 1441 2545 1583 2587; x_wconf 81' lang='lat' dir='ltr'><strong>fecerit</strong></span> <span class='ocrx_word' id='word_1_315' title='bbox 1617 2544 1716 2587; x_wconf 90' lang='lat' dir='ltr'><strong>iudi-</strong></span> 
     </span>
     <span class='ocr_line' id='line_1_36' title="bbox 222 2606 1716 2672; baseline -0.005 -12"><span class='ocrx_word' id='word_1_316' title='bbox 222 2622 327 2660; x_wconf 91' lang='lat' dir='ltr'><strong>cium</strong></span> <span class='ocrx_word' id='word_1_317' title='bbox 353 2619 401 2660; x_wconf 88' lang='lat' dir='ltr'><strong>G.</strong></span> <span class='ocrx_word' id='word_1_318' title='bbox 433 2618 615 2659; x_wconf 85' lang='lat' dir='ltr'><strong>Schmidt</strong></span> <span class='ocrx_word' id='word_1_319' title='bbox 645 2617 723 2672; x_wconf 89' lang='lat' dir='ltr'><strong>(De</strong></span> <span class='ocrx_word' id='word_1_320' title='bbox 753 2617 935 2672; x_wconf 88' lang='lat' dir='ltr'><strong>Sophocl.</strong></span> <span class='ocrx_word' id='word_1_321' title='bbox 965 2618 1150 2658; x_wconf 86' lang='lat' dir='ltr'><strong>dictionis</strong></span> <span class='ocrx_word' id='word_1_322' title='bbox 1184 2618 1370 2657; x_wconf 78' lang='lat' dir='ltr'><strong>ubertate</strong></span> <span class='ocrx_word' id='word_1_323' title='bbox 1401 2629 1494 2671; x_wconf 85' lang='lat' dir='ltr'><strong>pag.</strong></span> <span class='ocrx_word' id='word_1_324' title='bbox 1524 2617 1595 2665; x_wconf 88' lang='lat'><strong>10)</strong></span> <span class='ocrx_word' id='word_1_325' title='bbox 1623 2606 1716 2654; x_wconf 77' lang='lat' dir='ltr'><strong>&#39;An‘-</strong></span> 
     </span>
     <span class='ocr_line' id='line_1_37' title="bbox 224 2681 1715 2744; baseline -0.004 -14"><span class='ocrx_word' id='word_1_326' title='bbox 224 2689 462 2744; x_wconf 87' lang='lat' dir='ltr'><strong>stophanem</strong></span> <span class='ocrx_word' id='word_1_327' title='bbox 510 2688 613 2729; x_wconf 85' lang='lat' dir='ltr'><strong>Ran.</strong></span> <span class='ocrx_word' id='word_1_328' title='bbox 656 2689 767 2728; x_wconf 87' lang='grc'><strong>1334</strong></span> <span class='ocrx_word' id='word_1_329' title='bbox 819 2683 961 2743; x_wconf 80' lang='grc' dir='ltr'><em>ψυχὰν</em></span> <span class='ocrx_word' id='word_1_330' title='bbox 1000 2681 1170 2743; x_wconf 62' lang='grc' dir='ltr'><strong><em>ἄψυχον</em></strong></span> <span class='ocrx_word' id='word_1_331' title='bbox 1217 2686 1370 2728; x_wconf 77' lang='lat' dir='ltr'><strong>dixisse</strong></span> <span class='ocrx_word' id='word_1_332' title='bbox 1422 2684 1589 2739; x_wconf 88' lang='lat' dir='ltr'><strong>opinans</strong></span> <span class='ocrx_word' id='word_1_333' title='bbox 1636 2697 1715 2725; x_wconf 89' lang='lat' dir='ltr'><strong>non</strong></span> 
     </span>
     <span class='ocr_line' id='line_1_38' title="bbox 225 2753 1715 2814; baseline -0.003 -14"><span class='ocrx_word' id='word_1_334' title='bbox 225 2761 312 2800; x_wconf 89' lang='lat' dir='ltr'><strong>sine</strong></span> <span class='ocrx_word' id='word_1_335' title='bbox 331 2758 540 2813; x_wconf 89' lang='lat' dir='ltr'><strong>Euripidis</strong></span> <span class='ocrx_word' id='word_1_336' title='bbox 571 2757 716 2798; x_wconf 87' lang='lat' dir='ltr'><strong>derisu.</strong></span> <span class='ocrx_word' id='word_1_337' title='bbox 777 2757 969 2799; x_wconf 85' lang='lat' dir='ltr'><strong>Ceterum</strong></span> <span class='ocrx_word' id='word_1_338' title='bbox 999 2757 1068 2797; x_wconf 91' lang='lat' dir='ltr'><strong>ille</strong></span> <span class='ocrx_word' id='word_1_339' title='bbox 1087 2770 1125 2814; x_wconf 92' lang='lat' dir='ltr'><strong>p.</strong></span> <span class='ocrx_word' id='word_1_340' title='bbox 1150 2759 1204 2796; x_wconf 91' lang='lat'><strong>10</strong></span> <span class='ocrx_word' id='word_1_341' title='bbox 1233 2769 1336 2811; x_wconf 88' lang='lat' dir='ltr'><strong>quae</strong></span> <span class='ocrx_word' id='word_1_342' title='bbox 1356 2754 1573 2808; x_wconf 78' lang='lat' dir='ltr'><strong>Euripides</strong></span> <span class='ocrx_word' id='word_1_343' title='bbox 1593 2753 1715 2795; x_wconf 85' lang='lat' dir='ltr'><strong>habet</strong></span> 
     </span>
    </p>
   </div>
  </div>
 </body>
</html>
