1857 3133
231 115 286 153 10

229 229 298 282 qui
345 240 397 267 ne
434 226 644 282 aptissimo
693 227 853 280 quidem
900 226 988 269 loco
1037 226 1262 281 peregrinis
1313 228 1520 273 vocabulis
1567 228 1720 269 aditum

227 294 439 350 patefecit,
480 294 657 350 Phrygis
691 294 780 336 dieo
809 295 1050 338 monodia-m,
1078 294 1235 348 (Orest.
1266 297 1447 341 1369-—
1463 298 1602 349 1502)
1630 298 1719 339 bar-

227 367 324 406 bare
358 378 404 406 se
439 365 577 417 egisse
621 378 669 406 ao
714 365 896 409 sensisse
945 379 1038 407 oum
1082 366 1249 408 ridiculo
1285 377 1440 418 angore
1475 367 1639 416 fatentis
1677 369 1721 409 at
1746 404 1750 411 .

225 435 283 476 nil
340 434 631 489 propemodum
679 435 882 489 loquentis
930 436 1113 477 barbare.
1172 459 1229 466 -
1316 433 1399 477 Sed
1442 435 1507 477 ad
1547 436 1721 485 indicem

227 507 403 546 transeo.

788 731 1030 777 ‘CAPVT
1064 734 1098 777 Ι.

686 821 772 869 ΠΕ
827 820 1279 870 NomlNIBvs.

340 938 514 981 Nomina
534 932 781 994 (ὀνόματα),
811 953 837 985 a
856 942 1001 996 quibus
1022 942 1188 997 incipio,
1219 942 1420 996 bipartito,
1450 943 1497 981 ut
1520 953 1595 994 par
1620 942 1720 990 erat,

224 1008 355 1049 divisi.
421 1008 527 1051 Sunt
566 1011 674 1051 enim
713 1013 785 1053 aut
823 1012 1020 1066 simplicia
1059 1014 1132 1054 aut
1163 1012 1403 1066 composita:
1452 1012 1549 1052 illue
1578 1011 1718 1065 aperte

218 1078 438 1120 referenda
479 1082 576 1121 sunt
616 1085 699 1122 tam
737 1082 941 1135 primitiva
979 1082 1207 1134 (verbalia)
1248 1092 1370 1134 quam
1409 1079 1716 1122 denominativa.

225 1147 306 1189 Sed
344 1149 449 1190 addo
488 1145 808 1203 parasyntheta,
856 1150 1180 1203 quandoquidem
1220 1149 1462 1204 composita,
1501 1148 1610 1189 unde
1649 1148 1718 1188 ad-

222 1216 338 1256 iectis
368 1217 717 1258 terminationibus
746 1219 971 1268 ducuntur,
1001 1218 1131 1263 instar
1156 1218 1395 1272 simplicium
1423 1219 1530 1257 sunt.

470 1345 519 1385 A.
567 1345 643 1386 De
682 1346 1032 1387 Nominibus
1075 1346 1472 1398 simplicibus.

599 1435 633 1480 ξ.
660 1435 689 1470 1.
737 1434 953 1471 Nomina
988 1435 1343 1473 substantiva.

345 1532 379 1568 1.
411 1528 675 1569 Verbalia.
708 1528 885 1571 Chorum
906 1524 1031 1570 ducat
1048 1530 1200 1583 primae
1230 1528 1508 1570 declinationis
1529 1526 1718 1569 suffixum

224 1598 441 1638 abstractis
480 1598 717 1651 plerumque
754 1601 1008 1639 reservatum
1039 1599 1083 1652 ἶ
1110 1599 1180 1655 ’(’ἆῑ
1210 1599 1262 1640 ad
1302 1598 1468 1653 stirpem
1508 1596 1717 1644 accedens,

225 1680 329 1722 quae
357 1667 542 1709 formatio
572 1674 661 1709 erat
688 1668 858 1723 pristino
890 1671 1073 1723 tempore
1104 1668 1203 1709 satis
1230 1669 1400 1718 usitata;
1441 1681 1572 1722 neque
1600 1667 1717 1710 Euri-

224 1738 360 1791 pides,
409 1738 478 1791 qui
514 1738 768 1791 superiorum
806 1742 1015 1792 poetarum
1056 1750 1186 1791 pauca
1225 1738 1385 1779 nonnisi
1425 1737 1634 1791 adoptavit
1671 1739 1719 1776 ut

224 1806 486 1847 Homericum
513 1801 646 1864 βληχή
681 1806 791 1862 Cycl.
823 1810 879 1848 48
906 1821 939 1848 c.
969 1810 1022 1849 59
1056 1820 1088 1847 c.
1119 1810 1161 1848 et
1188 1806 1483 1861 Aeschyleum,
1523 1806 1718 1871 siquidem

225 1880 310 1926 est,
341 1870 607 1932 καταφθορά
638 1876 813 1930 Choeph.
836 1879 933 1927 212,
963 1876 1048 1916 Ion.
1074 1879 1184 1917 1237
1208 1889 1262 1926 c.,
1290 1876 1449 1930 Polyb„
1479 1877 1554 1916 hac
1583 1864 1717 1916 termi-

225 1945 388 1986 natione
417 1958 584 1999 prorsus
616 1946 820 1997 abstinuit,
852 1945 931 1986 nisi
961 1946 1067 1999 quod
1097 1958 1198 1999 quae
1236 1944 1375 2002 finxit,
1402 1958 1483 1985 nou
1515 1957 1540 1984 a
1568 1943 1716 1997 simpli-

225 2015 338 2056 cibus
367 2015 442 2055 sed
472 2015 705 2069 compositis
735 2015 871 2056 verbis
893 2015 1085 2066 deduxit,
1113 2018 1161 2056 ut
1181 2006 1433 2072 ἄμφιπτυχή
1452 2013 1479 2037 ⁴*
1510 2015 1595 2056 Ion.
1618 2015 1718 2063 519,

225 2081 462 2136 ὁιαπτιχαὶ
482 2082 508 2108 ⁴*
536 2082 686 2126 δέλτου
715 2085 802 2139 Iph.
824 2085 870 2125 Τ.
895 2088 990 2135 727,
1019 2078 1277 2140 γραμμάτων
1312 2086 1419 2135 793,
1447 2078 1717 2139 ἀναρπαγῆ*

228 2154 319 2196 Hel.
350 2156 417 2208 50,
448 2146 641 2212 ἆνανομή
662 2153 688 2178 ⁴⁶
721 2155 812 2209 frgt
837 2157 919 2197 748
949 2154 1155 2210 Hesychio
1173 2146 1443 2209 ἅναδασμός,
1475 2147 1719 2209 ιεῖσδοχή“’““’ι

228 2225 291 2269 El.
324 2229 421 2277 396,
451 2225 588 2280 Etym.
619 2226 674 2266 M.
703 2239 740 2280 p.
774 2228 871 2277 133,
902 2228 979 2276 23,
1015 2218 1273 2283 uawxomj*
1298 2224 1420 2280 Hipp.
1450 2227 1529 2266 821
1566 2236 1598 2264 o.
1634 2221 1716 2263 He-

229 2296 369 2348 sychio
400 2289 639 2351 διαφθορά,
671 2296 775 2349 quod
817 2297 865 2335 ad
910 2290 1046 2341 καίνω
1083 2295 1150 2335 vel
1187 2290 1343 2335 κέκονα
1376 2294 1551 2348 pertinet
1568 2294 1598 2345 ¹)
1637 2293 1716 2333 vid.

172 2473 175 2476 ⁴
225 2457 359 2495 Phoen.
385 2457 495 2500 1168,
520 2457 564 2494 de
587 2468 657 2504 quo
680 2456 749 2494 vid.
776 2456 925 2493 Lobeck.
943 2456 1106 2494 Rhemat.
1133 2467 1167 2503 p.
1180 2456 1261 2501 264,
1275 2458 1313 2493 et
1325 2456 1407 2494 alia.
1457 2457 1497 2502 1)
1514 2455 1716 2492 Scholiasta

227 2527 343 2562 neque
370 2516 490 2551 minus
514 2516 613 2551 Eust.
638 2515 729 2557 381,
755 2515 802 2551 22
824 2515 994 2552 dubitant
1025 2517 1145 2551 nixum
1168 2519 1351 2561 κατιικονᾷ
1390 2516 1637 2564 (ῥηματικῶς)
1668 2525 1716 2550 an

228 2572 410 2609 κατακονά
435 2572 632 2621 legendum
652 2573 720 2615 sit,
753 2583 902 2619 quarum
935 2572 1128 2610 lectionum
1163 2572 1320 2619 priorem
1356 2572 1505 2619 praebet
1527 2571 1642 2619 Etym.
1668 2571 1715 2606 M.

230 2632 287 2672 50,
301 2631 368 2667 23
360 2643 368 2652 ·
392 2631 512 2675 verbo,
536 2630 632 2678 quod
657 2631 795 2668 nullum
822 2633 896 2672 est,
921 2631 992 2667 nisi
1006 2629 1052 2667 ad
1074 2630 1312 2668 coniecturam
1336 2630 1523 2678 refugeris,
1548 2641 1594 2667 ne
1616 2630 1716 2666 locus

229 2688 373 2737 quidem
401 2689 493 2733 erit;
531 2688 798 2727 substantivum
834 2691 929 2726 recte
965 2700 1003 2726 se
1039 2688 1169 2726 babet.
1203 2688 1308 2735 ἀβίοτ
1310 2702 1349 2729 ος
1387 2688 1461 2733 (sic
1497 2687 1715 2736 legendum)

229 2759 301 2785 ιιοιι
326 2747 438 2792 &pom
440 2760 511 2782 οοπ
514 2746 568 2786 ιός
592 2749 667 2792 est,
698 2747 761 2784 sed
787 2747 932 2784 omnino
958 2749 1051 2783 vitae
1076 2757 1217 2793 expers.
1740 2740 1743 2742 ’
