1857 3133
1575 149 1627 189 21

142 260 361 317 ὅπλισμα,
396 258 572 321 ρίνημα,
609 257 849 319 ἐπίχαρμα,
882 257 993 317 quae
1014 263 1106 306 -etsi
1144 276 1224 305 non
1262 266 1357 313 ante
1394 264 1632 321 Euripidem

141 332 421 386 reperiuntur,
458 335 510 375 ab
534 333 729 388 Euripide
758 333 938 386 profecta
964 346 1070 374 esse.
1087 333 1293 387 aliquanto
1322 336 1456 376 minus
1485 336 1629 389 proba-

140 402 219 444 bile
259 404 336 444 est.
364 427 430 439 --·
479 403 693 446 Accedunt
730 403 867 443 tamen
902 415 959 443 ex
995 403 1251 456 tragicorum-
1282 404 1481 446 minorum
1519 406 1627 459 stag-

141 472 288 513 mentis
329 473 427 515 tria:
462 468 813 529 aequmst-cymam
833 472 858 498 *
886 471 1040 513 Achaei
1066 473 1160 525 frgt'
1195 477 1218 515 7
1262 475 1366 528 quod
1403 475 1456 516 ad
1472 488 1475 491 ’
1494 471 1628 530 ignem

140 544 277 584 udum
313 545 372 584 eet
414 545 485 597 (ex
523 542 705 584 dramate
749 541 975 597 satyrico„
1011 533 1323 598 ἆντεόφρασμα
1359 542 1386 567 ⁴⁶
1423 543 1627 599 Agathou.

128 612 239 665 ‘fx-ge
264 616 341 664 29,
377 613 485 667 quod
520 611 697 654 Gratum.
727 613 769 653 in
799 612 849 653 A.
874 611 1005 653 Bekk.
1031 625 1074 666 p.
1103 614 1201 663 401,
1232 617 1257 654 5
1296 617 1339 655 et
1377 613 1524 657 Suidas
1553 628 1625 655 ex-

141 682 309 737 plicant:
348 679 399 724 τὸ
429 677 621 725 ἐναντίω
648 683 701 739 τῇ
734 677 994 740 εὐφροσύνῃ,
1035 695 1167 736 neque
1196 683 1365 724 verbum
1395 686 1478 736 est,
1517 685 1628 726 unde

139 753 326 803 ducatui-3
355 749 574 810 τιθήνημα
604 753 628 780 *
655 748 783 809 ἔαρος
809 749 916 809 ῥόδα
941 751 1203 822 Chaeremon.
1224 749 1318 805 frgt.
1342 755 1395 794 13
1426 753 1627 805 alumnae,

141 836 220 864 nou
229 822 441 866 dissimile
470 821 733 877 Euripideis.
853 833 856 837 ·

235 890 557 933 meminationes·
590 911 678 949 φοι,
713 906 793 934 ιιοιι
830 891 891 933 ita
924 885 1049 946 saepe
1075 905 1177 934 usus
1203 894 1288 944 est,
1331 892 1405 932 sed
1434 892 1628 934 assumsit

140 963 278 1001 tamen
305 959 550 1015 Aeschylea
563 960 669 1007 duo:
683 955 932 1015 κόμιστρον
961 960 1104 1014 Agam.
1137 965 1243 1013 932,
1272 926 1368 1003 Eur.
1396 961 1517 1003 Herc.
1548 962 1625 1004 fur.

144 1019 256 1071 1387
285 1030 330 1070 et
356 1025 623 1085 στέργηθρον
648 1028 780 1069 Prom.
807 1031 913 1079 493,
933 1028 1128 1084 Choeph.
1155 1033 1242 1072 238
1275 1054 1328 1060 -
1359 1031 1468 1085 quod
1506 1031 1629 1071 etiam

141 1099 262 1139 schol.
291 1097 412 1153 Soph.
433 1098 573 1152 Antig.
603 1101 688 1140 650
716 1121 776 1128 -—
806 1098 927 1153 Hipp.
959 1102 1043 1140 256
1073 1112 1136 1140 an.
1194 1100 1311 1154 Ipse,
1341 1101 1390 1141 ut
1416 1095 1627 1157 ἔνοπτρον

141 1168 317 1221 mittam,
358 1168 438 1210 duo
475 1168 710 1223 produxit·
736 1163 972 1224 ἶς’κμακτρον
1002 1169 1026 1195 *
1053 1167 1205 1211 ποδῶν
1230 1168 1428 1221 E1.535,
1466 1166 1627 1227 θέλκγη-

140 1252 259 1292 τρον
275 1239 323 1265 *²⁸
349 1234 487 1279 ὕπνου
515 1237 648 1279 Orest.
678 1241 794 1288 211,
811 1238 958 1279 Athen.
985 1240 1037 1290 V,
1067 1242 1153 1280 220
1173 1239 1229 1290 F,
1258 1238 1383 1293 Orph.
1403 1240 1508 1281 Lith.
1529 1242 1630 1290 309,

142 1310 227 1350 528
248 1308 321 1359 aL,
349 1307 550 1362 Hesych„
579 1321 702 1361 quum
728 1307 948 1362 Sophocles
967 1308 1116 1349 dixerit
1140 1305 1348 1363 θέλκτρον
1368 1307 1512 1351 Trach.
1532 1311 1629 1351 585.

258 1372 530 1427 Reum-erum:
559 1385 663 1431 quae
699 1376 823 1417 affixa
855 1377 1217 1426 terminationem
1254 1378 1500 1444 gignuntur,
1551 1378 1632 1418 alia

142 1446 441 1488 denominativa
470 1448 584 1497 suut,
616 1448 679 1496 (ut
707 1440 828 1498 ὄξος,
860 1448 1017 1503 μῆκος,
1047 1443 1183 1501 βάρος
1209 1450 1252 1487 et
1269 1447 1384 1500 quod
1412 1446 1629 1501 Euripides

142 1516 304 1558 admisit
339 1515 487 1557 Placen.
518 1517 599 1557 851
613 1547 625 1567 ‚
663 1515 749 1556 Alc.
778 1517 864 1557 500
914 1508 1049 1566 αἶπος
1087 1528 1150 1556 ἐκ
1199 1515 1436 1559 normanni,
1467 1518 1629 1557 senten-

143 1587 216 1638 tia)
231 1585 264 1638 ⁸)
292 1586 374 1625 alia
404 1586 604 1634 verbalia3
620 1586 676 1628 ‚in
705 1586 786 1625 illis
814 1586 1007 1625 abstracti
1032 1585 1177 1626 seusus
1204 1586 1332 1635 inest3
1371 1587 1471 1627 haec
1499 1587 1629 1627 notio-

143 1670 235 1698 nem
270 1654 501 1697 adsciscunt
533 1667 643 1706 eam,
680 1657 727 1695 ut
768 1667 850 1695 non
879 1655 1002 1708 longe
1030 1654 1222 1695 recedant
1250 1666 1276 1696 a
1300 1655 1458 1696 neutris
1486 1649 1529 1696 in
1558 1656 1630 1713 ’ῥὶ

143 1727 320 1767 Verbale
360 1726 486 1778 igitur
523 1728 608 1775 est,
645 1725 752 1778 quod
782 1723 902 1778 soph.
930 1725 1025 1777 frgt.
1057 1727 1139 1765 159
1170 1725 1294 1765 habet
1310 1722 1481 1781 τρέφος
1508 1726 1630 1780 quod-

145 1797 224 1850 que
252 1794 461 1836 Nauckius
497 1793 727 1834 coniectura
761 1793 955 1847 probabili
987 1792 1172 1847 Euripidi
1203 1794 1383 1835 restituit
1409 1794 1505 1847 frgt.
1535 1797 1632 1837 393.

145 1864 361 1918 Euripides
403 1865 510 1917 quod
550 1863 713 1904 unicum
748 1863 885 1904 finxit:
929 1859 1068 1912 πέσος
1091 1862 1116 1888 *
1145 1862 1292 1903 Phoen.
1322 1866 1434 1905 1299
1465 1878 1496 1904 c.
1534 1864 1633 1905 item

144 1933 308 1975 verbale
337 1934 421 1985 est,
452 1932 603 1974 dictum
632 1932 684 1973 de
710 1931 851 1990 occiso·
870 1933 911 1973 et
939 1932 980 1972 in
1000 1932 1153 1973 terram
1172 1932 1405 1986 procidente
1423 1933 1632 1975 cadavere.

260 2003 464 2058 Personae
493 2002 653 2054 agentis
683 2001 831 2042 suffixa
858 2004 900 2041 et
927 2002 1045 2055 plura
1064 2004 1160 2040 sunt
1188 2004 1231 2041 et
1249 2001 1513 2042 di'versatam
1532 2011 1631 2056 pon-

144 2074 242 2114 dere
270 2085 389 2126 quam
419 2084 506 2112 usu.
552 2062 784 2124 Antiquatis
804 2069 1021 2124 Euripides
1050 2069 1172 2124 plane
1202 2083 1248 2110 se
1267 2070 1487 2111 subtraxit:
1517 2071 1633 2113 velut

145 2141 466 2183 terminationem
494 2142 532 2189 ἶξ
561 2140 603 2181 in
627 2139 843 2194 perpaucis
871 2140 929 2179 ut*
944 2135 1119 2192 μάντις,
1150 2133 1302 2192 λάτρις
1326 2153 1407 2180 usu
1436 2140 1634 2182 sancitam

146 2224 279 2266 neque
317 2223 416 2251 vero
458 2210 651 2252 evitatam
688 2209 740 2250 ab
779 2208 983 2263 Aeschylo
1021 2208 1115 2259 (vid.
1154 2207 1268 2249 Todt.
1305 2222 1342 2263 p.
1384 2212 1426 2261 9)
1463 2209 1634 2265 promus

146 2280 400 2333 subterfugit.
459 2280 575 2321 Idem
613 2279 871 2320 statuendum
900 2279 951 2320 de
980 2278 1147 2319 alterius
1176 2278 1455 2320 declinationis
1469 2279 1633 2321 &suffixo

146 2352 191 2402 δῖ·
227 2351 268 2392 iu
305 2350 429 2404 epicis
469 2349 707 2403 quibusdam
743 2351 790 2391 ut
818 2345 940 2404 ἅγός,
981 2339 1109 2404 ἆρχός
1136 2347 1230 2389 vid.-
1247 2347 1480 2391 Buttmann.
1512 2347 1635 2391 Uber.

147 2420 218 2462 Gr.
243 2419 310 2470 Π,
350 2420 383 2473 S.
418 2422 499 2460 119
543 2421 587 2460 et
622 2418 720 2459 Lob.
749 2418 920 2473 Paralip.
956 2431 993 2472 p.
1026 2419 1108 2459 135
1159 2418 1380 2471 paucisque
1423 2421 1636 2473 praeterea

147 2490 320 2531 residuo.
374 2487 565 2538 Ceterum
583 2488 676 2529 huic
690 2489 762 2529 vel
785 2488 1076 2561 Aeschylus—
1034 2487 1231 2544 valedixit
1255 2488 1350 2540 (vid.
1372 2488 1486 2530 Todt.
1507 2502 1544 2542 p.
1567 2489 1633 2539 8.)

147 2559 272 2601 Porro
311 2568 440 2612 neque
480 2557 580 2597 satis
618 2558 715 2598 nota
753 2556 1076 2599 terminatio—
1018 2578 1077 2605 ευς
1116 2557 1166 2608 ab
1202 2555 1397 2611 Euripide
1432 2557 1633 2598 radicibus

149 2640 311 2670 annexa
346 2629 432 2677 est,
481 2626 548 2679 qui
585 2627 656 2666 vix
693 2611 860 2668 novavit
898 2617 1168 2682 διαφθορεύς
1202 2625 1324 2680 Hipp.
1355 2628 1460 2678 682,
1508 2639 1632 2681 quum

246 2774 282 2822 1)
314 2772 382 2810 Cui
406 2772 601 2811 assentitur
623 2770 776 2809 Lobeek.
793 2771 919 2810 Rhem.
937 2782 1020 2820 pag.
1037 2770 1119 2809 307.
