1857 3133
277 106 333 147 26

274 223 478 263 menidam
512 223 750 278 appellatim
792 226 846 266 de
871 220 1171 283 χαλκεμβολᾶς
1205 227 1311 269 infra
1342 227 1515 278 dicetur3
1553 229 1627 269 sed
1656 228 1759 271 addo

273 285 517 343 avomdeg*
532 292 566 346 ¹)
605 288 757 336 οἰωνοί
781 293 876 336 Hel.
903 297 1019 344 1480
1046 310 1078 338 c.
1108 311 1199 340 aves
1222 297 1616 352 pereyrnhnbmdae,
1640 298 1757 352 >quod

271 362 413 415 aperte
437 361 680 405 adiectivum
704 363 804 406 item
832 366 881 407 ut
906 363 1132 417 houden*
1158 366 1289 423 μοῖρα
1317 365 1438 407 Herc.
1466 366 1541 408 fur.
1567 356 1682 410 v1024
1711 381 1758 417 c.,

272 432 380 483 quod
409 434 565 485 postea
581 438 752 488 apparet
777 435 820 476 in
850 436 1051 478 'Rmethei
1080 438 1190 478 verb.
1221 451 1283 491 ap.
1312 436 1416 477 Plut.
1442 435 1545 478 Mor.
1571 451 1612 490 p.
1631 440 1692 479 22
1703 436 1760 487 A,

270 499 464 544 Manetho
487 503 539 556 V,
585 505 686 556 338,
722 504 848 547 Anth.
886 505 998 547 Plan.
1035 507 1135 557 289,
1172 508 1200 547 6
1233 507 1282 548 al.
1339 504 1431 559 Sed
1471 501 1758 561 συνδρομάδες

270 567 431 626 πέτραι
459 572 562 626 Iph.
577 572 623 614 T.
655 571 741 615 421
772 589 828 626 c.,
862 562 915 617 de
942 588 1029 627 quo
1049 574 1132 615 vid.
1156 575 1269 617 Lob.
1283 576 1387 617 Prol.
1415 575 1528 616 Path.
1558 577 1666 627 440,
1687 588 1757 616 ex

267 639 435 694 linguae
468 641 661 685 thesauro
703 646 881 686 sumtum
915 655 1008 684 esse
1043 643 1163 685 docet
1188 643 1286 685 Poll.
1312 644 1371 695 X,
1398 646 1473 687 24:
1512 640 1559 685 ἐν
1588 640 1637 685 δὲ
1664 644 1757 693 τοῖς

270 705 607 766 Δημιοπράτοις
642 709 870 767 πέπραται
898 744 908 753 .
922 743 933 753 .
947 742 958 753 .
985 709 1063 753 καὶ-
1088 706 1226 768 &dem
1254 707 1555 766 σινόρομᾶδες.
1612 713 1755 772 Neque

268 776 485 834 γυμνάς*ψ
524 781 669 823 Troad.
704 784 812 832 448,
845 780 966 836 Hipp.
1001 780 1113 822 1134
1135 795 1176 823 c
1214 781 1308 836 frgt.
1340 784 1424 823 106
1462 783 1506 823 et
1541 782 1685 826 nudum.
1712 783 1755 823 et

266 852 529 901 exerm‘tatus,
568 852 674 905 qued
707 852 752 892 in
792 851 970 892 Lucisne
1005 851 1175 892 demum.
1206 856 1250 892 et
1276 851 1321 892 'in
1348 851 1595 904 Anthologin
1620 864 1754 893 recur-

265 918 339 969 rit,
375 918 577 962 femininis
615 922 871 962 reservatum
902 920 1023 962 immo
1055 920 1290 963 masculinis
1326 933 1375 963 ac
1408 920 1610 962 femininis
1648 934 1752 962 com-

265 1000 388 1028 mune
405 988 439 1040 ²)
475 991 550 1030 est.
607 989 866 1031 'Neutrorum
894 991 1043 1031 suffixa
1072 993 1168 1031 sunt
1199 1013 1325 1049 τηρισν
1352 993 1404 1040 (a
1427 991 1518 1049 ἦ)
1540 991 1753 1033 >adjectivis

266 1056 479 1098 finitimum
516 1060 560 1099 et
595 1079 695 1112 μον,
745 1072 851 1114 quae
886 1060 1004 1100 ambo
1019 1056 1023 1059 ’
1041 1072 1123 1100 non
1156 1052 1248 1100 raro
1287 1061 1385 1100 sunt
1416 1059 1569 1100 localia.
1644 1059 1751 1101 Illud

265 1126 483 1180 Euripides
511 1128 742 1180 quinquies,
781 1128 822 1167 ni
857 1127 995 1178 fallor,
1031 1128 1226 1168 adscivit:
1264 1122 1569 1184 η’μφευτήριον
1587 1126 1614 1151 '⁶
1652 1124 1750 1170 λέκ-

261 1208 375 1250 τρων
416 1195 562 1238 Troad.
601 1197 686 1238 252
714 1209 748 1238 ve.
797 1198 1049 1252 ooniuyium‘,
1098 1189 1320 1253 σχετήριον
1349 1193 1376 1219 '⁶
1402 1194 1435 1249 ⁸)
1476 1194 1602 1250 λιμοῦ
1640 1196 1750 1251 Cycl.

265 1267 347 1312 135
375 1265 511 1318 famis
551 1266 796 1316 remedium,
843 1260 1131 1322 χαλινωτήρια
1150 1266 1200 1292 **
1219 1290 1221 1292 v
1240 1268 1349 1307 νεῶν
1384 1266 1483 1307 Hec.
1514 1269 1598 1308 539
1621 1267 1753 1319 funes

261 1336 423 1377 navales
451 1334 621 1390 Oppian.
650 1335 743 1376 Hal.
772 1336 816 1387 I,
849 1338 955 1386 359,
988 1336 1120 1379 Noun.
1152 1335 1318 1390 Dionys.
1346 1335 1433 1387 111,
1463 1338 1540 1386 203
1576 1329 1749 1393 οἰκητή-

258 1404 409 1459 ριον**
449 1403 582 1445 Orest.
615 1407 728 1445 1114
768 1404 1023 1446 domicilium
1051 1406 1149 1460 Lyc.
1181 1408 1287 1455 376,
1321 1405 1425 1446 Plut.
1457 1406 1620 1459 saepiu-s
1655 1407 1748 1457 (ad-

260 1474 406 1515 iective
445 1473 622 1515 Alcaeus
660 1472 759 1515 com.
788 1488 851 1528 ap.
887 1475 986 1515 Poll.
1022 1474 1088 1525 X,
1130 1475 1233 1527 112),
1273 1468 1540 1531 θυτήριον“
1573 1474 1660 1529 ΙΡ1ι.
1698 1474 1742 1515 T.

260 1544 344 1582 243
374 1543 398 1582 i.
430 1557 464 1596 q.
496 1544 643 1595 θῦμας
678 1543 787 1595 quod
815 1537 1102 1599 θυμιατήριον
1132 1543 1244 1583 Phot.
1284 1557 1322 1596 Ρ.
1355 1545 1421 1594 98,
1450 1545 1501 1582 21
1540 1546 1583 1583 et
1614 1542 1745 1593 Eust„

257 1613 301 1652 et
327 1605 643 1668 θυσιαστήριον
672 1610 787 1652 Aret.
812 1613 909 1652 402.
978 1610 1080 1653 Cum
1109 1610 1306 1666 Sophocle
1344 1611 1568 1653 communia
1602 1612 1739 1653 habet:

255 1672 530 1735 εὖναστήριον
568 1680 710 1720 Trach.
751 1683 857 1730 920,
904 1680 972 1720 Or.
1009 1683 1117 1730 590,
1166 1694 1290 1733 quum
1329 1680 1559 1733 Aeschylus
1596 1682 1744 1722 habeat

255 1742 501 1805 εὐνατήριον
525 1748 637 1790 Pers.
669 1751 774 1800 160,
804 1751 848 1790 et
872 1742 1114 1806 ἐκλυτήριον
1133 1747 1179 1789 Ο.
1201 1749 1246 1790 Τ.
1268 1751 1375 1801 392,
1403 1748 1549 1790 Phoen.
1574 1751 1667 1791 969.
1682 1774 1737 1780 —-

256 1818 335 1861 ὦ
364 1818 427 1857 bis
456 1819 645 1871 apparet:
683 1816 883 1869 λοχεῖον*
912 1818 999 1870 Iph.
1033 1818 1078 1857 T.
1109 1820 1217 1858 1241
1251 1831 1283 1858 c.
1315 1819 1426 1859 loo-us
1455 1820 1669 1859 natalimm
1698 1824 1741 1859 et

257 1882 516 1935 Θετίδειον*
539 1886 732 1928 Androm.
765 1889 822 1928 20
851 1887 1043 1942 templum
1079 1887 1266 1929 Thetide.
1325 1886 1450 1928 Porro
1474 1888 1738 1942 parasynthe-

254 1959 324 1996 ton
354 1958 420 1996 est
447 1951 747 2013 βουφόρβιον*
776 1957 819 2008 (a
847 1952 1096 2012 βουφορβός
1124 1959 1171 1996 ut
1199 1957 1429 2010 Aeschylus
1459 1970 1484 1997 a
1512 1950 1739 2011 ποιμάνωρ

252 2152 376 2196 credo,
411 2154 563 2200 agentes
595 2153 638 2189 ut
662 2152 879 2195 Eumenidas
917 2152 1078 2194 furentes
1105 2150 1390 2188 introducerent:
1420 2151 1488 2188 sed
1519 2150 1605 2188 falsi
1643 2153 1736 2187 sunt.

251 2212 305 2247 De
329 2222 453 2247 eorum
476 2210 676 2252 sententia,
706 2210 770 2257 qui
794 2222 817 2247 a
840 2223 915 2246 nor
895 2223 951 2245 τνι
939 2209 1008 2245 ιάω
1038 2209 1236 2251 deducunt,
1270 2208 1340 2246 vid.
1364 2209 1527 2245 Curtium
1552 2209 1577 2245 1.
1602 2220 1630 2244 c.
1653 2220 1686 2258 p.
1704 2210 1736 2246 9.

249 2268 528 2305 Phoenissamm
557 2268 636 2306 loco
660 2279 755 2306 nom.
789 2279 909 2313 propr.
940 2269 1017 2311 est,
1055 2267 1119 2303 sed
1154 2269 1192 2303 et
1212 2266 1433 2303 Baccharum
1454 2268 1493 2302 et
1521 2265 1636 2303 Orest-
1672 2276 1736 2311 ap-

249 2327 471 2373 pellativum.
528 2326 697 2363 Ceterum
729 2325 910 2373 Hesychio
944 2326 1030 2361 sunt
1064 2327 1104 2360 αἱ
1131 2323 1300 2372 Βάκχαι,
1336 2325 1418 2361 ἀντὶ
1448 2327 1513 2359 τοῦ
1542 2322 1733 2372 μαινάδες,

249 2387 313 2421 καὶ
336 2382 517 2424 λυσσάδες
538 2388 675 2432 μανίας
700 2386 827 2420 αἴτιαι.
925 2383 960 2429 1)
992 2382 1267 2429 Xenophontem
1296 2381 1408 2419 Anab.
1433 2382 1502 2425 ΠΙ,
1525 2382 1560 2424 3,
1586 2381 1644 2422 20,
1681 2380 1735 2415 nil

248 2442 377 2478 dubito
392 2441 548 2483 mittere,
566 2452 652 2477 nam
667 2441 739 2477 etsi
754 2452 829 2476 σπο
830 2439 895 2480 λάς
910 2440 996 2487 (vid.
1012 2440 1103 2478 Lob
1110 2440 1204 2477 Prol.
1214 2439 1320 2478 Psth.
1336 2440 1418 2483 442,
1436 2440 1499 2486 11)
1514 2440 1554 2475 in
1568 2449 1636 2474 usu
1651 2438 1733 2480 fuit,

246 2499 340 2540 illud
369 2501 493 2538 tamen
516 2498 638 2545 potnit
660 2497 823 2536 invenire
847 2497 1047 2545 Euripides.
1178 2497 1216 2544 2)
1242 2497 1408 2534 Ceterum
1433 2508 1476 2534 ex
1498 2496 1655 2532 Homero
1678 2497 1734 2532 est

247 2573 301 2606 μη
303 2557 369 2598 κάς
402 2557 501 2604 Cycl
525 2557 604 2595 189.
661 2556 746 2593 Sine
773 2555 885 2593 dubio
913 2554 1142 2593 Pindaricum
1178 2557 1236 2592 est
1264 2567 1420 2595 ποντιας
1448 2553 1551 2592 Pind.
1578 2552 1732 2599 saepius,

247 2616 380 2652 Hecub.
403 2616 475 2652 444
500 2626 550 2658 c.,
582 2625 663 2650 cum
678 2613 806 2659 Soph.
837 2607 1023 2650 commune
1056 2626 1193 2660 μανιας
1223 2601 1281 2659 Aj.
1302 2613 1368 2656 59,
1403 2612 1486 2649 Eur.
1509 2610 1625 2648 Orest-
1650 2611 1731 2653 270,

247 2675 315 2711 327
341 2686 370 2711 c.
396 2674 467 2712 vid.
497 2673 583 2711 Lob.
606 2672 724 2710 Pml.
746 2685 779 2719 p.
803 2671 882 2709 262.
976 2672 1015 2718 3)
1038 2671 1092 2709 De
1117 2682 1178 2716 eo,
1204 2670 1301 2719 quod
1324 2669 1487 2719 Hesych.
1506 2667 1624 2709 habet
1640 2681 1730 2717 σχη-
1787 2680 1797 2683 “

248 2745 312 2781 τηρ
292 2736 376 2766 οίαν
401 2731 494 2778 ἄγκι
492 2744 568 2781 ραν
595 2730 766 2777 desperat
787 2730 872 2766 Lob.
897 2729 1053 2775 Paralip.
1075 2729 1156 2772 428,
1180 2731 1236 2766 39.
