1857 3133
164 156 220 196 98

161 270 327 327 βρῶτος
363 264 519 326 ἡδονήῖ
568 270 712 323 Neque
750 283 831 311 non
870 267 993 329 τέχνη
1033 265 1278 323 ξενοκτόνος
1314 267 1562 323 ξενοκτόνον)
1581 276 1656 315 est

158 336 290 397 τέχνη.
352 339 457 381 Item
488 331 726 397 ὠμοφάγος
751 336 878 396 χάρις
903 340 1049 382 Bacch.
1077 344 1159 382 139
1180 354 1238 392 c.-,
1262 342 1335 381 de
1348 354 1441 396 quo
1455 343 1549 384 vid?
1545 344 1653 385 ·Lo·b.

157 411 222 465 Aj.
243 425 280 465 p.
304 413 408 461 229,
438 413 575 451 utrum
601 410 654 451 sit
681 401 921 466 ωμοφάγου
946 406 1071 464 χάρις
1103 424 1155 452 an
1183 408 1390 468 γενομένη
1415 414 1479 468 τῷ
1492 414 1653 469 φαγεῖν

157 475 269 534 ὠμά
283 493 336 520 an
361 480 438 521 τοῦ
478 480 631 535 φαγεῖν
668 473 787 532 ὠμά,
813 480 920 521 iure
955 482 1139 522 haereas.·
1198 481 1377 528 Quodsi
1374 481 1531 534 igitur
1554 483 1653 523 fate-

156 551 287 601 beris,
316 550 424 590 inter
451 549 551 590 haec
572 549 667 602 quid
694 549 937 591 discriminis
964 550 1038 600 sit,
1058 550 1655 606 interdumincassum-,quaeri

156 620 381 661 cavendum
412 621 546 659 tamen
578 624 662 670 est,
691 631 813 672 quum
840 632 982 672 parum
1017 632 1142 673 saepe
1179 620 1362 661 caverint
1394 620 1653 675 interpretes,

156 704 207 730 ne
241 703 332 730 cum
360 689 423 728 his
454 689 639 729 omnibus
676 688 717 728 id
755 678 885 741 ge⁸nus
924 689 1170 739 confundas,
1193 690 1252 730 in
1292 697 1370 743 quo
1407 691 1652 732 adiectivum

156 759 336 815 regenti,
356 772 458 801 *non
500 759 606 813 quod
645 758 949 813 exspectaveris
988 770 1189 814 suspenso
1232 759 1383 801 nomini
1424 760 1651 815 adaptatur.

157 831 237 871 Hic
270 830 377 870 enim
406 830 596 879 accedit,v
616 829 685 880 qui
716 829 803 867 illic
835 841 915 868 non
955 830 1145 880 accedit‚-
1169 829 1385 881 genitivus,
1444 830 1532 870 Nec
1563 831 1652 870 ‘adi-

156 913 314 942 memus
343 899 438 939 huic
465 898 609 951 generi
639 910 786 938 nomen
827 897 1157 952 h'ypallages
1186 898 1456 940 versicoloris.
1471 900 1652 954 profecto

155 970 336 1022 figurae,
366 968 481 1008 cuius
519 967 675 1007 utinam
701 967 933 1019 religiosius
954 967 1135 1009 cancelli
1151 969 1537 1010 circumscribantur.
1595 968 1653 1010 Ut

154 1040 312 1080 leniora
337 1038 550 1078 mittantur
579 1049 651 1086 ea,
691 1037 734 1077 in
758 1037 916 1091 ‘quibus
957 1050 1103 1078 nomen
1140 1048 1288 1090 regens
1329 1042 1372 1078 et
1408 1052 1651 1092 suspensum

155 1121 280 1150 unam
310 1109 469 1149 tantum
498 1104 705 1147 notionem'
732 1106 909 1147 efficiunt
947 1104 1137 1162 (γηγενὴς
1164 1102 1291 1164 μάχη-
1307 1103 1434 1163 δορός
1457 1107 1583 1162 Cycl.
1606 1110 1652 1158 25,

157 1172 417 1231 ἑπτάπυργα
449 1173 621 1231 κλῇθρα
660 1175 738 1228 γᾶς
776 1174 925 1214 Phoen.
968 1178 1079 1216 1058
1112 1189 1164 1226 c.,
1205 1178 1409 1231 πατρῷος
1448 1171 1651 1230 θάλαμος

159 1243 346 1298 ἑστίας),
372 1246 599 1287 mirandum
628 1244 807 1298 profecto
845 1247 929 1294 est,
967 1257 1087 1298 quam
1121 1245 1252 1286 aliena
1289 1246 1469 1286 iunxerit
1505 1250 1650 1300 poetae

157 1330 360 1371 nusquam
395 1315 528 1368 magis
566 1314 780 1355 luxurians
819 1314 1038 1367 ingenium.
1107 1313 1196 1365 Sic,
1237 1319 1284 1356 ut
1312 1315 1483 1356 delibem
1502 1329 1655 1371 pauca,

159 1387 412 1428 auditoribus
442 1384 654 1438 proposuit
681 1380 889 1437 (Έκτορος
919 1374 1368 1439 σφαγαῖτροχήλατοι
1400 1385 1527 1426 Andr.
1557 1388 1655 1435 399,

157 1444 431 1510 μουσοποιὸς
465 1449 704 1507 παρθένων
730 1448 913 1507 μέριμνα
932 1452 1052 1506 Hipp.
1076 1455 1210 1503 1428,
1240 1448 1516 1508 ἁμερόκοιτοι
1545 1453 1653 1508 βλα-

156 1523 230 1580 χαὶ
260 1521 418 1567 τεκέων
447 1523 558 1577 Cycl.
589 1525 643 1563 59
679 1536 736 1572 c.,
776 1523 964 1576 Γοργοῦς
1001 1517 1263 1575 λαιμότομοι
1301 1520 1652 1579 σταλαγμοίΙοῃ.

162 1599 272 1639 1055
297 1609 348 1646 c.,
375 1588 611 1649 δράκοντος
636 1583 745 1645 αἷμα
773 1586 1012 1645 λιθόβολον
1039 1592 1186 1633 Phoen.
1211 1595 1322 1633 1062
1345 1606 1397 1644 c.,
1425 1589 1649 1649 τρίπτιχοι

155 1668 313 1721 νεκρῶν
332 1665 487 1720 θρῆνοι
508 1663 656 1702 Phoen.
680 1664 792 1702 1635
806 1694 815 1711 ‚
847 1655 1094 1716 καράτομος
1113 1657 1265 1717 ἐρημία
1284 1658 1486 1703 νεανίδων
1508 1663 1651 1704 Troad.

158 1739 243 1779 564
273 1749 328 1786 c.,
356 1726 601 1788 τετράπους
628 1731 762 1785 μῖμος
793 1725 932 1792 θηρός
961 1730 1084 1772 Rhea.
1116 1733 1200 1773 255
1231 1745 1284 1785 c.,
1330 1726 1649 1790 ἑκατογκέφαλα

156 1803 301 1863 ὄφεων
328 1797 545 1858 ἶαχήματα
574 1801 695 1841 Herc.
723 1802 748 1840 f.
776 1803 860 1841 883
876 1814 946 1850 c.,
985 1803 1071 1840 tum
1110 1801 1327 1841 audaciora
1361 1802 1432 1842 illa
1471 1798 1649 1856 προπό-

112 1883 115 1886 ’
154 1875 289 1928 λευμα
337 1867 504 1927 δάφνας
555 1865 766 1925 νεηθαλὲς
812 1869 897 1908 Ion.
939 1872 1021 1909 113
1064 1882 1097 1909 c.
1138 1870 1355 1911 accedente
1394 1873 1649 1925 metonymia,

152 1944 300 2000 γραῖαι
321 1937 465 1981 ὅσσων
495 1934 634 1993 πηγαί
663 1938 781 1977 Herc.
805 1939 828 1977 f.
851 1940 938 1982 450
964 1950 1047 1986 an„
1075 1936 1244 1992 χλοεραὶ
1265 1935 1469 1991 λείμακος
1497 1935 1650 1995 ἡδοναί

152 2014 299 2055 Bacch.
333 2012 416 2051 867
450 2023 481 2050 o.
511 2008 623 2062 (quid
655 2007 731 2048 sibi
760 2007 904 2048 volunt
939 2007 1089 2049 virides
1124 2008 1365 2063 voluptates,
1403 2009 1570 2064 perinde
1599 2022 1648 2049 ac

152 2086 187 2125 si
209 2084 308 2137 ‘quis
335 2080 486 2120 dixerit
517 2082 691 2140 (grunes
724 2072 1200 2129 Wiesenvergniigen'?)
1242 2081 1285 2118 et
1322 2074 1515 2133 ἄπτερος
1543 2074 1648 2127 ὠδὶς

149 2150 308 2193 τέκνων
337 2150 456 2189 Herc.
487 2150 511 2188 f.
545 2150 682 2188 104ομ
698 2171 755 2176 -
773 2147 802 2196 ¹)
862 2147 911 2187 In
937 2148 998 2187 his
1030 2148 1065 2187 si
1095 2155 1281 2200 apertum
1320 2152 1386 2188 est
1412 2148 1646 2202 Euripidem

148 2221 329 2272 vestigia
360 2218 613 2278 superiorum
657 2218 870 2269 poetarum
909 2216 1092 2269 potuisse
1119 2217 1279 2268 legere,
1296 2216 1328 2268 ²)
1363 2217 1444 2257 iam
1482 2221 1644 2259 ceteras

245 2383 279 2427 1)
306 2380 447 2426 Duplex
471 2377 667 2424 hypallage
694 2377 829 2422 legitur
855 2376 960 2412 Herc.
987 2376 1010 2411 f.
1038 2377 1108 2413 396
1132 2388 1162 2413 c.
1189 2368 1358 2424 jgovoe‘wv
1385 2377 1552 2413 πετάλων
1568 2377 1643 2414 ἄπο

145 2438 363 2491 μηλοφόρον
394 2436 537 2484 καρπόν
570 2446 635 2482 pro
662 2434 826 2484 χρύσεον
861 2436 899 2470 et
932 2433 1158 2483 μηλοφόρων
1188 2434 1258 2471 vid.
1291 2435 1416 2471 Herm.
1440 2435 1496 2472 ad.
1519 2435 1642 2483 Vigor.

145 2513 178 2547 p.
210 2501 290 2536 891.
318 2497 558 2533 Correxerunt
580 2495 653 2530 alii.
750 2494 787 2538 2)
813 2493 978 2538 Apparet
1013 2495 1134 2530 autem
1160 2493 1370 2539 Euripidem
1399 2496 1477 2531 tam
1506 2495 1546 2531 in
1575 2495 1644 2533 hoc

145 2569 275 2607 genere
293 2567 403 2603 quam
417 2555 456 2591 in
475 2565 528 2595 eo,
549 2551 644 2598 quod
661 2550 817 2586 admisso
836 2551 997 2597 genitivo
1012 2550 1210 2587 subiectivo
1228 2553 1294 2587 aut
1307 2551 1482 2589 obiectivo
1501 2552 1642 2588 solven-

145 2618 230 2656 dum
245 2618 315 2657 est,
340 2613 573 2661 exquisitiora
588 2609 704 2646 multa
721 2609 935 2655 protulisse:
961 2620 1077 2655 neque
1097 2621 1169 2645 non
1186 2610 1319 2646 videris
1342 2611 1449 2646 huius
1473 2610 1641 2658 licentiae

145 2687 217 2711 non
247 2683 353 2720 posse
384 2669 629 2707 circumscribi
661 2667 770 2710 fines,
804 2678 914 2714 quum
941 2667 979 2703 in
1018 2668 1231 2715 hypallages
1268 2668 1412 2714 quidem
1446 2679 1578 2715 genere
1600 2652 1640 2705 id

143 2744 252 2768 unum
278 2732 444 2777 apertum
468 2730 535 2769 sit,
561 2738 631 2773 quo
656 2727 776 2761 minus
803 2725 972 2760 adiectivi
1006 2726 1107 2761 notio
1146 2725 1193 2761 ad
1226 2725 1446 2761 substantivi
1479 2725 1639 2772 regentis

141 2792 325 2827 notionem
352 2787 478 2824 referri
502 2786 631 2832 possit,
665 2794 705 2819 eo
727 2782 1049 2819 intolerabiliorem
1074 2781 1152 2818 fieri
1186 2783 1501 2829 compositionem:
1536 2783 1637 2819 velut
