1857 3133
246 116 299 155 12

245 232 337 271 634
358 229 383 269 1.
413 243 462 282 q.
476 223 677 283 μέμψις
687 240 741 268 ex
768 226 964 280 Euripide
994 226 1160 268 allatum
1188 226 1238 268 ab
1263 224 1435 269 Antiatt.
1455 226 1592 268 Bekk.
1612 225 1661 268 A.
1682 224 1731 268 Gr.

241 313 279 353 p.
311 300 410 349 107,
442 300 495 339 19
532 298 576 337 et
615 298 662 340 ut
697 295 908 350 Euripidis
945 300 1129 339 notatum
1166 296 1217 336 ab
1249 293 1460 349 Aristoph.
1490 296 1591 350 Byz.
1622 296 1732 350 apud

239 367 358 409 Eust.
389 367 450 410 od.
477 380 515 422 p.
546 369 678 418 1761,
712 367 789 418 39,
821 366 891 408 11111
921 360 1131 412 Nauckius
1163 378 1236 420 pro
1267 357 1445 421 μομφάν
1475 369 1588 409 recte
1615 366 1730 424 resti-

240 438 321 479 tuit
337 431 528 493 μόμφον,
560 438 660 478 citat
677 436 870 491 Hesych,
891 441 1070 479 ceterum
1097 434 1386 479 videMeinek
1408 433 1517 477 Gom.
1538 435 1603 495 Π,
1633 422 1730 479 376.

241 507 425 549 Tertium
453 507 561 561 quod
591 507 776 550 adscribo
801 498 1125 559 -ἆνακέλαὸος“)
1155 505 1180 532 ¹⁸¹
1210 503 1343 548 Orest.
1375 506 1457 546 185
1489 519 1522 547 c.
1561 507 1662 555 item
1687 507 1730 548 in

240 569 484 619 carminibus
515 576 692 619 occurrit
717 578 887 632 proprie,
912 577 1153 631 syntheton‚
1184 588 1308 628 quum
1327 575 1496 619 verbum
1514 588 1599 619 non
1615 576 1729 616 inve-

238 647 385 689 niatur.
430 647 540 689 Satis
556 646 742 700 vulgaris
771 648 845 698 est,
877 657 979 700 quae
1005 657 1104 698 prae
1132 645 1279 704 ceteris
1292 640 1731 697 'actionem-significat,

240 716 469 758 terminatio
510 717 581 774 510}
618 727 886 770 praegressae
931 715 1197 757 consonantis.
1238 714 1492 769 potissimum
1532 713 1733 757 sibilantis

240 787 528 830 amantissima.
586 786 803 840 Euripides
832 784 989 825 omnino
1017 785 1140 825 habet
1168 785 1254 824 fere
1270 784 1470 837 ’τι-13111111,
1500 797 1554 824 ex
1576 784 1729 845 'quibus

239 857 293 897 ad
311 855 563 910 Aeschylum
582 855 776 896 redeunt:
806 845 1040 908 ὀλολυγμός
1070 852 1203 896 Orest.
1227 856 1354 904 1137,
1381 846 1570 908 διωγμός
1594 851 1728 895 Orest.

239 927 343 978 412,
384 924 472 979 Iph.
506 925 551 966 Τ.
583 927 716 973 1435,
758 924 878 965 Herc.
909 923 934 964 s.
961 926 1045 965 889
1076 937 1130 977 0.,
1172 918 1365 980 φλογμός
1401 922 1540 978 Suppl.
1570 926 1654 981 831
1685 937 1730 975 0.,

240 997 353 1036 1019
382 1008 414 1036 0.
443 993 542 1036 Hec.
571 997 658 1035 474
691 1006 739 1046 0.,
766 987 1011 1047 σταλαγμός
1039 992 1124 1034 1011.
1153 996 1258 1046 351,
1286 990 1504 1050 ταραγμός
1533 993 1659 1037 octies
1686 994 1730 1036 in

237 1065 435 1118 Euripide
464 1058 706 1120 ταραγμούς
726 1064 953 1116 aucupante
985 1066 1151 1119 tragico.
1218 1064 1355 1118 Ipsius
1387 1065 1500 1105 sunt:
1538 1075 1729 1117 σφαγια-

239 1127 406 1186 σμός**
432 1133 496 1174 El.
516 1136 635 1173 200c.
666 1133 769 1174 Plut.
798 1131 925 1184 Ages.
947 1126 996 1182 6,
1025 1128 1278 1187 δραγμός”
1308 1133 1419 1187 GycL
1451 1134 1557 1181 170,
1589 1130 1727 1177 Quint.
1783 1132 1785 1134 ’

237 1201 397 1255 Smyrn.
417 1201 453 1251 Ι,
481 1204 579 1251 350,
608 1194 837 1252 κτενισμός
856 1199 908 1224 ⁴¹¹*
936 1200 998 1240 El.
1020 1203 1106 1241 524
1124 1204 1335 1258 peoh'natio
1347 1234 1358 1254 ,
1389 1201 1605 1255 Oribassp.
1629 1203 1725 1254 304,

234 1261 383 1312 Achm.
407 1269 587 1313 Onirocr.
606 1269 656 1324 'p.
679 1273 755 1321 32,
787 1273 861 1310 19:
900 1282 1021 1323 porro
1049 1270 1128 1311 duo
1155 1272 1263 1325 apud
1288 1271 1525 1325 Euripidem
1553 1271 1727 1324 primum

234 1340 449 1393 leguntur:
488 1333 654 1392 νασμός
693 1338 740 1363 **
777 1337 875 1380 Hec.
909 1341 992 1381 153
1023 1350 1086 1380 an.
1124 1338 1247 1395 Hipp.
1279 1342 1362 1383 225
1394 1354 1455 1382 an.
1489 1339 1572 1382 653
1604 1340 1726 1392 latex,

234 1410 333 1464 Lyc.
366 1413 471 1460 706,
500 1409 623 1450 Anth.
654 1408 737 1458 VI,
766 1397 864 1459 287,
897 1412 920 1448 7
953 1410 1077 1460 <quod
1105 1411 1241 1450 nescio
1272 1423 1324 1450 an
1352 1425 1433 1451 non
1462 1411 1727 1463 Euripideum

236 1478 312 1529 sit,
341 1492 466 1533 quum
491 1477 725 1533 Hesychius
755 1479 799 1518 et
828 1476 988 1518 aliunde
1016 1472 1291 1521 accusativum
1320 1479 1464 1522 afferat
1495 1482 1537 1521 et
1556 1481 1725 1521 formam

233 1543 432 1601 ναθμούς
473 1549 650 1602 explicet
686 1544 765 1596 τὰς
800 1541 1017 1602 χοιράδας.
1056 1543 1266 1589 τάσσεται
1297 1546 1371 1590 καὶ
1401 1546 1478 1591 ἐπὶ
1508 1543 1593 1590 τῶν
1622 1562 1724 1614 στη-

231 1611 375 1671 μόνων
404 1618 450 1672 [a
479 1611 651 1674 νήθω])
699 1620 743 1657 et
784 1613 1020 1672 κεκραγμός
1058 1616 1105 1643 **
1140 1616 1227 1672 Iph.
1261 1617 1310 1660 A.
1341 1622 1454 1661 1357
1493 1619 1597 1661 Plut.
1623 1605 1724 1661 Mor.

232 1702 270 1741 p.
299 1691 383 1729 654
413 1688 448 1729 F
500 1689 558 1740 (in
597 1700 676 1739 quo
715 1687 1075 1740 reduplicationem
1113 1701 1194 1728 non
1212 1690 1400 1733 ¹miretur
1439 1691 1508 1742 qui
1538 1690 1725 1730 similium

230 1758 458 1799 meminerit
478 1753 699 1813 κέκραγμα
718 1755 925 1811 Aristoph.
945 1754 1033 1797 Pax
1068 1759 1151 1799 637
1172 1759 1215 1800 et
1233 1753 1468 1816 κεκράκτης
1485 1758 1588 1814 Equ.
1612 1760 1723 1821 137.)

230 1828 413 1870 Affertur
442 1841 467 1868 a
486 1828 627 1868 Photio
640 1859 650 1875 ,
677 1827 905 1879 Phrynicho
937 1830 1035 1877 337,
1063 1830 1105 1867 et
1133 1830 1326 1880 tanquam
1356 1829 1538 1869 Atticum
1568 1842 1593 1869 a
1611 1829 1724 1869 Moe·

229 1899 316 1941 ride
346 1912 383 1953 p.
415 1899 499 1939 226
513 1929 523 1947 ,
566 1899 614 1938 ut
653 1896 852 1937 dubitatio
882 1896 1166 1948 subnascatur,
1199 1897 1305 1941 sitne
1334 1911 1388 1939 ex
1415 1898 1638 1953 Euripidea
1667 1899 1723 1941 fa-

228 1970 340 2010 brica
369 1968 643 2021 repetendum.
705 1965 787 2007 Sed
816 1965 1023 2020 Euripidis
1054 1970 1120 2007 est
1149 1962 1381 2021 κελευσμός
1411 1969 1434 1994 *
1464 1967 1603 2023 suppl.
1628 1971 1725 2019 701,
1750 1978 1758 1983 ‘

231 2038 341 2093 Cycl.
373 2039 480 2089 653,
523 2035 610 2091 Iph.
641 2036 690 2077 A.
723 2038 858 2087 1130,
895 2035 980 2077 Ion.
1015 2039 1149 2088 1346,
1186 2036 1330 2080 Bacch.
1363 2040 1476 2080 1089
1508 2026 1553 2089 (a
1576 2052 1722 2094 παρα-

230 2103 389 2150 κελεύω
419 2108 637 2149 deductum
658 2105 917 2159 Thucydides
951 2110 993 2148 et
1012 2106 1243 2161 Xenophon
1271 2108 1420 2149 habent
1429 2109 1456 2160 ).
1514 2109 1723 2149 Postremo

228 2178 552 2233 praetermittere
582 2176 693 2217 nolui
724 2170 972 2229 μυχθισμός
1001 2176 1124 2217 Rhes.
1159 2179 1240 2218 789
1254 2209 1266 2228 ,
1293 2177 1485 2232 Hippocr.
1506 2192 1544 2232 p.
1566 2181 1649 2219 203
1672 2179 1721 2218 A.

230 2250 314 2288 206
328 2247 373 2287 Β.
393 2271 451 2276 -
486 2245 776 2286 Declinationis
806 2246 953 2286 tertiae
983 2246 1264 2287 remotioribus
1297 2242 1535 2300 quibusdam
1566 2247 1723 2288 suffixis

227 2320 301 2359 aut
330 2329 497 2371 prorsus
527 2315 721 2357 abstinuit
750 2318 822 2356 aut
850 2316 1006 2357 modice
1034 2330 1135 2357 usus
1166 2319 1249 2369 est,
1277 2317 1393 2358 velut
1425 2318 1524 2358 satis
1552 2317 1634 2358 rari
1659 2317 1725 2365 ,τῖς

227 2388 341 2439 (Lob.
362 2386 535 2439 Paralip.
557 2398 594 2439 p.
617 2387 718 2436 439)
739 2397 940 2439 nusquam
961 2385 1192 2441 exemplum
1212 2386 1346 2441 reperi
1353 2403 1363 2437 ;
1394 2387 1566 2430 adscivit
1585 2389 1722 2436 autem

225 2457 443 2499 Homerica
469 2456 568 2496 duo:
605 2449 749 2505 κλιτύς
780 2457 943 2509 saepius
971 2460 1014 2498 et
1043 2449 1251 2512 ὀρχηστύς
1282 2457 1391 2511 Cycl.
1415 2461 1518 2507 171;
1557 2457 1721 2499 rarioris

321 2642 356 2686 1)
380 2640 578 2677 Lobeckius
604 2639 764 2685 Paralip.
788 2652 825 2685 p.
849 2640 939 2677 385:
981 2641 1225 2687 ‘Omninoque
1263 2641 1492 2678 substantiva
1519 2642 1558 2677 in
1587 2633 1633 2681 (ἶ
1659 2653 1719 2678 ex-

227 2698 361 2742 euntia,
386 2709 478 2745 quae
494 2710 516 2734 a
530 2697 650 2734 verbis
674 2697 869 2745 primitivis
894 2698 1002 2735 ducta
1019 2699 1195 2737 actionem
1213 2699 1430 2748 significent,
1455 2704 1601 2746 perrara
1614 2702 1719 2737 sunt:

225 2756 451 2806 μετάμελος,
475 2757 717 2799 ἀνακέλαδος,
742 2756 973 2810 (ἷνιίπαλος’.ν
