1857 3133
252 118 307 157 56

251 235 339 274 tata
365 233 512 284 forma,
543 231 680 284 quam'
693 231 802 272 Med.
819 234 949 273 ,1366
981 233 1124 273 habes:
1166 225 1396 288 νεόδμητες
1410 258 1413 262 ,
1429 226 1565 286 γάμοι,
1592 232 1674 273 iam
1701 232 1744 272 in

249 301 368 342 Hom.
407 299 560 356 Hymu
599 300 642 342 in
678 298 811 357 Apou.
842 302 923 344 231
968 301 1137 357 legitur3
1174 293 1375 352 νεοτόκος
1394 298 1443 338 ¹⁸5*
1469 299 1615 345 Bacch.
1640 304 1743 354 701,

247 370 418 424 Dionys.
447 370 498 411 A.
529 371 580 411 R.
609 372 654 421 Ι,
677 374 753 421 79,
782 371 889 412 Plut.
911 372 1031 412 Alex.
1052 363 1085 412 0.
1106 374 1163 413 33
1184 369 1301 421 al.;¹)
1330 370 1521 411 suffix'um
1547 371 1595 423 ἴς
1620 381 1742 425 appa-

248 440 314 479 ret
342 439 384 480 in
413 439 660 496 νεοτρεφεῖς
679 437 728 463 **
756 433 881 496 κόροι
910 439 1071 481 Heracl.
1093 442 1148 482 93
1168 452 1201 480 0.
1212 470 1224 490 ,
1254 437 1454 481 Christod.
1485 439 1621 493 eephr.
1642 442 1740 492 278,

247 510 292 548 et
329 505 603 563 νοθαγενὲς*
640 504 793 551 τέκνον
834 509 1026 552 Androm.
1067 512 1175 560 912,
1216 510 1325 559 942,
1362 508 1447 549 Ion.
1488 509 1595 560 592,
1636 508 1742 563 quod

248 577 298 616 ob
339 577 605 632 antiquiorem
640 579 947 627 commissuram
974 578 1017 619 in
1055 579 1290 620 memoriam
1326 577 1477 631 redigit
1505 578 1669 630 similia,
1694 580 1742 620 ut

243 642 460 703 νεηθαλής
498 646 586 688 Ion.
619 651 703 689 112
742 649 956 702 (nusquam
995 649 1225 701 praeterea)
1260 650 1303 689 et
1338 641 1531 705 νεαγενής
1569 647 1658 702 Iph.
1687 647 1739 690 A.

246 715 360 757 1623
392 728 418 758 a
445 716 625 760 Porsono
653 721 872 767 remotum,
911 717 1018 771 quod
1045 716 1307 758 Homericum
1332 719 1415 768 est'3
1452 713 1697 775 πολυνιφέα
1715 716 1740 742 *

244 780 346 839 δρία
367 785 459 828 Hel.
484 790 597 829 1326
618 801 651 829 0.
682 789 810 829 multa
835 789 925 828 m've
952 800 1185 842 conspersus
1213 787 1365 837 sultzen
1393 788 1529 827 cetera
1556 798 1583 827 a
1600 780 1741 836 πολύς

245 857 467 908 composita
496 859 662 910 praeter
691 850 977 911 πολύσπορος
995 854 1043 880 **
1070 848 1227 910 {Acteis
1258 855 1403 897 Troad.
1438 857 1543 906 748,
1567 854 1737 909 Oppian.

242 921 342 976 Cyn.
375 924 465 976 ΠΙ,
496 929 574 976 23,
604 925 656 966 Η.
690 924 814 979 Orph.
846 925 1031 979 saepius,
1054 924 1201 976 Anth„
1228 925 1302 976 aL,
1331 924 1464 966 omnia
1492 924 1738 966 terminatio·

239 1004 333 1032 nem
381 994 453 1042 τῖς
500 995 783 1036 adsciverunt:
836 987 1108 1051 πολυήχητος
1126 992 1175 1018 **
1219 994 1364 1047 κῶμος
1405 993 1493 1035 Α10.
1536 995 1620 1035 918
1661 1006 1739 1045 an„

243 1061 365 1102 schol.
395 1062 543 1104 Aeseh.
573 1063 706 1104 Prom.
740 1065 848 1113 577,
881 1057 1167 1112 πολυαίνετος
1190 1061 1214 1086 *
1243 1062 1404 1103 Hei-acl.
1439 1065 1518 1104 761
1552 1075 1607 1113 0.,
1651 1075 1737 1104 πο-

240 1125 461 1181 λυέλικτος
477 1131 525 1156 **
564 1126 701 1173 ἆδονά
748 1131 895 1171 Phoen.
935 1134 1019 1172 314
1050 1144 1082 1171 e.
1131 1131 1182 1170 de
1219 1132 1383 1181 chorea,
1426 1131 1558 1172 Nonn.
1601 1143 1738 1185 saepe,

239 1197 339 1239 Poll.
375 1199 478 1251 VII,
509 1203 563 1242 94
605 1199 770 1251 Galen,
812 1193 1112 1256 πολυζήλωτος
1130 1197 1180 1223 **
1219 1199 1342 1254 Hipp.
1379 1202 1475 1241 168-
1495 1213 1547 1251 c.‚
1583 1199 1734 1254 Hymn.

236 1268 279 1308 in
305 1267 361 1310 Is.
396 1272 462 1311 16.
520 1270 597 1312 His
628 1270 731 1311 addo
761 1270 917 1322 reliqua
947 1265 1228 1310 terminatione
1252 1270 1312 1318 1—09
1340 1269 1532 1310 formata:
1571 1268 1735 1325 ψευδο-

239 1332 479 1395 νύμφευτος
498 1339 522 1364 *
569 1335 706 1395 γάμος
754 1339 846 1380 Hel.
889 1342 973 1381 883
1017 1342 1146 1394 specie
1188 1342 1343 1381 tantum
1379 1339 1519 1392 factae
1562 1341 1734 1394 nuptiae,

236 1403 538 1459 λευκόστικτος
556 1408 580 1432 *
622 1405 733 1465 θρίξ
769 1408 858 1463 Iph.
900 1408 950 1449 A.
991 1411 1075 1449 222
1116 1422 1148 1450 0.
1199 1410 1304 1452 albis
1351 1411 1456 1452 notis
1505 1412 1736 1465 compuncta

237 1491 373 1528 coma;
411 1474 781 1535 ἡμίθραυστον**
821 1472 1008 1531 τύκισμα
1048 1478 1170 1519 Herc.
1201 1480 1276 1519 fur.
1321 1482 1457 1530 1096,
1497 1466 1734 1533 Lycj378,

236 1546 361 1587 Anth.
388 1547 471 1589 Pal.
501 1547 591 1598 IX,
622 1550 730 1599 568,
771 1547 878 1589 allat.
907 1561 941 1589 a.
969 1547 1091 1598 Pon„
1107 1547 1141 1601 ἵ)
1178 1545 1530 1603 καλλιπύργωτος
1549 1548 1572 1574 *
1601 1545 1734 1599 πόλις

236 1616 381 1659 Bacch.
416 1621 471 1659 19
493 1618 684 1674 pulchris
710 1618 898 1667 turribus
922 1620 1077 1667 munita
1106 1619 1226 1669 urbs,·
1253 1618 1332 1659 duo
1360 1618 1517 1671 reliqua
1544 1631 1569 1658 a
1603 1615 1733 1668 καλός

233 1688 514 1740 provenientia
540 1689 702 1729 diverse
732 1688 974 1729 formantur:
1004 1682 1231 1738 καλλίναος
1249 1687 1298 1713 **
1324 1682 1451 1744 λίμνη
1471 1687 1558 1729 Α10.
1580 1689 1665 1729 589
1687 1702 1731 1741 0.,

233 1754 439 1814 Κηφισός
477 1758 584 1798 Med.
626 1760 710 1800 835
741 1772 772 1800 0.
805 1759 977 1815 pulchre
1003 1757 1166 1811 flucae,
1203 1757 1334 1812 Apoll.
1364 1756 1494 1798 Rhod.
1521 1757 1565 1808 1,
1605 1760 1731 1810 1228,

233 1828 399 1869 Anthol.
435 1827 524 1879 IX,
568 1831 676 1879 327,
697 1828 730 1880 ⁸)
781 1824 1027 1883 καλλιζυγὲς
1046 1828 1069 1853 *
1119 1823 1237 1881 ἅρμα
1276 1824 1493 1881 δαιμόνων
1537 1827 1729 1869 Androm.

234 1900 319 1938 276
351 1912 401 1947 0.;
435 1900 652 1951 praeterea
681 1897 878 1938 catalexis
906 1898 953 1951 ⁷1—9
983 1899 1154 1951 apparet
1192 1897 1234 1937 in
1271 1894 1585 1953 μελαγγραφεῖς
1604 1896 1628 1922 *
1660 1896 1728 1940 δι-

232 1963 398 2023 φθέραι
431 1968 524 2020 frgt.
557 1971 639 2009 629
674 1981 728 2008 ex
764 1967 934 2019 Bergkii
961 1967 1243 2015 emendatione
1280 1967 1474 2007 librorum
1504 1967 1729 2021 scriptume

230 2035 542 2093 μελεγγραφεῒς
578 2040 710 2092 myris
752 2039 902 2079 litteris
945 2039 1109 2079 escaratz·
1138 2038 1249 2078 libri.
1326 2036 1431 2077 Tum
1476 2036 1555 2076 huc
1597 2037 1728 2077 refero

231 2101 418 2160 τρίζυγοι
457 2102 565 2148 θεαί
600 2106 691 2147 Hel.
731 2110 815 2148 357
855 2120 887 2148 0.
928 2106 1117 2161 Euripidi
1154 2119 1364 2148 commune
1399 2119 1491 2146 cum
1531 2104 1728 2160 Sophocle

230 2177 325 2229 frgt.
348 2179 451 2229 500,
484 2177 591 2230 quod
614 2177 799 2232 Euripidi
832 2177 1088 2219 adimendum
1125 2190 1207 2218 non
1235 2177 1333 2227 erit,
1372 2176 1406 2217 si
1434 2189 1526 2217 cum
1544 2176 1727 2218 Nauckio

232 2248 443 2301 scripseris
475 2246 595 2302 Soph.
625 2249 720 2301 frgt.
755 2250 840 2289 500
872 2242 1044 2302 ζυγίων,·
1072 2247 1146 2288 sed
1179 2247 1320 2300 utique
1348 2245 1614 2300 Euripideum
1642 2249 1726 2288 est:

232 2315 479 2372 τετράζυγοι
500 2318 547 2343 **
580 2313 673 2369 ὄχοι
703 2317 794 2358 Hel.
828 2320 939 2359 1039
973 2320 1039 2364 (an
1071 2311 1320 2372 τετράζυγες
1329 2317 1361 2369 ?)
1390 2315 1520 2357 Noun.
1551 2316 1667 2358 Dion.
1691 2315 1726 2368 I,

232 2389 339 2437 473,
365 2387 543 2429 Maneth.
570 2388 630 2439 V,
655 2390 758 2440 171,
791 2387 988 2441 Anonym.
1019 2385 1081 2427 De
1106 2386 1263 2428 herbar.
1286 2386 1359 2427 vir.
1381 2389 1429 2436 6,
1459 2399 1629 2439 quorum
1656 2385 1725 2426 ille

230 2460 272 2497 et
298 2455 503 2512 τετράζυξ
530 2460 712 2510 usurpat.
774 2457 972 2497 Suffixum
1002 2458 1048 2509 τῖς
1079 2457 1232 2510 primae
1261 2455 1536 2497 declinationis
1557 2457 1726 2510 apparet

324 2628 358 2673 1)
395 2628 440 2664 In
472 2628 632 2665 transitu
665 2626 797 2665 adnoto
833 2626 1042 2674 Euripidem
1078 2625 1251 2674 νεόγονος
1292 2626 1424 2664 dixisse
1458 2637 1523 2673 pro
1563 2624 1721 2673 νεογνός.

228 2688 264 2728 2)
296 2686 523 2734 ὀρθὸστατος
552 2686 676 2731 Suppl.
705 2686 773 2722 497
813 2686 949 2722 ademit
977 2685 1131 2721 Nauckii
1163 2686 1374 2721 coniectura.
1502 2685 1538 2727 3)
1567 2684 1720 2731 Hesych.

226 2742 466 2788 καλλινοτάτη
497 2744 729 2789 (καλλίναος),
