1857 3133
1548 145 1604 185 45

122 270 198 315 per
223 263 508 317 metonymiam
536 262 561 305 i.
590 276 640 317 qs
666 263 858 317 ncwiyans
885 263 929 302 in
969 254 1127 319 σκάφει
1161 254 1430 317 μονοκώπῳ,
1471 253 1613 315 μονό-’

119 328 226 387 χηλα
240 330 264 356 *
302 326 445 389 σφυρά
486 332 574 393 Iph.
608 331 659 373 A.
695 332 778 372 225
814 329 945 385 'pedes
979 331 1149 374 solidam
1189 332 1382 386 unyulam
1411 332 1605 379 habente&

122 402 164 439 et
192 401 325 454 paullo
367 402 558 443 audacius
594 392 899 455 μονοτράπεζα
912 397 940 422 '¹⁵
969 396 1087 450 ξένια
1112 400 1202 455 Iph.
1234 400 1279 442 Τ.
1310 402 1394 442 949
1433 401 1606 456 hos-pitia

119 461 325 513 solitar-m
360 485 516 514 mensae
543 471 568 512 i.
597 483 632 511 e.
675 469 782 522 eius,
820 470 895 524 qui
928 471 1117 512 secretam
1154 471 1270 512 habet
1305 483 1480 512 mensam
1491 484 1505 520 ;
1541 468 1605 510 his

122 538 226 580 addo
258 535 532 596 μονάμπυκες
545 541 569 566 *
601 533 746 581 πῶλοι
784 538 871 580 Ale.
912 540 1019 589 428,
1059 539 1309 593 substantivo
1347 553 1429 579 non
1467 540 1604 580 addito

123 608 259 664 SuppL
296 612 401 664 587,
439 613 523 652 680
567 612 609 650 et
645 605 963 663 μονάμπυκος*
1002 603 1104 664 δέρη
1137 608 1229 649 Hel.
1272 611 1383 651 1567
1423 610 1606 651 contario

79 702 82 704 ·
109 678 216 733 fune
242 682 371 722 vineta
392 682 556 731 verm,
582 679 730 720 nil⁴'est
752 678 830 719 nisi
856 678 1105 734 myndam,
1135 672 1331 733 κέλητεςε
1360 679 1607 720 abstractum

99 750 350 803 ,praeiverat
386 750 583 791 Pindarus
624 749 713 790 loeo
753 747 1002 789 memorabili
1040 745 1203 801 Olymp.
1235 746 1296 797 V,
1327 734 1403 788 15}
1445 746 1609 798 ἵπποις

119 812 314 875 ἡμιόνοις
351 832 399 860 τε
434 812 718 875 μοναμπυκίᾳ
749 830 798 859 τε
836 817 1045 870 antiquata
1094 815 1168 857 vel*
1211 816 1356 858 saltem
1397 816 1611 858 immutata

121 888 283 929 notione
323 888 537 943 primitiva.
595 887 672 928 His
713 888 870 928 duobus
909 887 1004 941 quid
1049 886 1294 928 inventionis
1332 886 1484 938 subsit,
1529 899 1610 927 non

120 954 250 997 ausim
282 956 415 997 disere
426 987 438 1007 ‚
468 957 512 996 at
539 968 780 1011 persuasum
802 956 931 996 habeo
943 987 954 1007 ,
985 956 1063 997 etsi
1090 957 1328 997 alterutrum
1355 970 1461 997 nove
1495 957 1610 1006 dixit,

110 1026 250 1076 solam
285 1027 475 1065 novatam
511 1037 604 1065 esse
653 1024 998 1075 terminationem,
1047 1024 1243 1078 siqnidem
1282 1039 1413 1079 genus
1451 1026 1610 1067 dioendi

121 1108 203 1136 non
229 1093 466 1135 inusitatum
506 1092 634 1135 fuisse
673 1093 873 1139 ostendib
892 1092 1193 1135 substantivum
1222 1107 1304 1135 non
1332 1094 1524 1137 additum.
1552 1118 1610 1126 —

122 1163 352 1219 Sequantur
380 1164 535 1216 cetera,
573 1176 743 1218 quorum
773 1163 1027 1205 substantiva
1064 1164 1211 1205 tertiae
1246 1166 1342 1205 sunt
1379 1165 1611 1207 declinatio·

120 1233 205 1273 nis:
254 1227 510 1289 ἆπαλόθριξ
529 1233 554 1259 *
593 1227 718 1288 κόρυς
761 1232 916 1274 Baocln
946 1236 1058 1274 1186
1096 1219 1128 1274 οἱ
1180 1233 1347 1275 delicate
1395 1236 1611 1290 capillatus

121 1305 279 1354 vertens,
311 1295 663 1358 notxtlossiqtg'*
693 1295 842 1358 νεβρός
869 1300 958 1343 Alo.
984 1303 1070 1343 584
1090 1315 1126 1346 0.
1139 1335 1150 1353 ,
1170 1304 1287 1356 poet.
1320 1303 1396 1357 lyr.
1424 1316 1488 1358 ap.
1506 1303 1610 1348 Plut.

121 1371 223 1412 Mor.
253 1384 291 1424 p.
314 1373 426 1411 1067
456 1370 515 1422 Ι),
541 1364 821 1426 πυρρότριχες
835 1368 889 1393 *⁴*
919 1368 1061 1412 πῶλοι
1081 1370 1168 1424 Iph.
1189 1371 1241 1414 A.
1265 1374 1348 1413 225
1370 1385 1402 1413 c.
1414 1404 1425 1423 ,
1443 1372 1611 1414 Aristot.

123 1440 254 1481 Pr0bl.
289 1442 365 1492 38,
398 1443 446 1491 2,
489 1439 586 1480 Poll.
616 1438 702 1489 IV,
733 1442 839 1490 144,
872 1441 980 1490 149,
1021 1453 1144 1494 quum
1172 1440 1299 1481 forma
1328 1435 1613 1498 πυρρότριχος

120 1509 319 1563 placuerit
338 1509 551 1550 Theocrito
571 1508 700 1561 VIII,
723 1512 748 1550 3
760 1540 772 1559 ‚
791 1502 1079 1560 δολιχαύχενες
1092 1509 1116 1534 *
1146 1506 1310 1550 πταναί
1328 1510 1422 1551 Hel.
1440 1513 1554 1553 1487
1565 1526 1611 1563 0.,

122 1572 275 1629 κύκνος
298 1578 391 1632 ‘Iph.
412 1577 461 1618 A.
486 1581 567 1619 793
589 1591 621 1618 ο.
652 1579 676 1618 i.
698 1593 733 1631 q.
750 1577 1026 1619 ‘Homericum
1052 1572 1386 1634 δουλιχόδειρος,
1413 1576 1611 1637 μακραύ-

116 1648 255 1705 χηνὲ*
287 1643 447 1701 κλίμαξ
479 1646 627 1688 Phoen.
671 1650 809 1699 1172,
851 1647 946 1688 Ath.
983 1646 1029 1698 I,
1068 1661 1108 1702 p.
1151 1650 1230 1699 10,
1279 1649 1355 1689 sed
1392 1650 1611 1704 prolin'ore

37 1770 39 1773 Ι
119 1718 248 1758 forma
283 1711 569 1772 μακραύχενος
608 1730 662 1757 ex
697 1716 871 1757 Lobeek.
919 1716 1065 1758 iudicio
1086 1717 1275 1771 'Paralip.
1315 1722 1397 1760 196
1440 1722 1611 1762 utuntur

119 1786 309 1842 Hippocr.
341 1801 379 1841 p.
403 1789 515 1828 1006
542 1785 599 1838 Β,
629 1786 797 1828 Aristot.
827 1785 879 1828 Η.
901 1784 1104 1838 A.V111,
1137 1790 1183 1838 6;
1214 1778 1436 1840 ὀξύπους*
1464 1787 1612 1833 Μενέ-

118 1854 226 1905 λεως
264 1855 397 1897 Orest.
430 1858 543 1897 1550
581 1857 686 1898 celer
698 1888 709 1907 ,
725 1856 755 1906 1)
805 1850 1069 1906 λευκόποδες
1106 1851 1274 1909 Βάκχαι
1312 1857 1423 1913 cycl.
1463 1863 1536 1913 72,
1577 1862 1613 1903 si

121 1926 282 1966 omnino
310 1927 376 1965 est
399 1924 626 1978 Euripidis,
666 1924 853 1977 quoniam
886 1923 1150 1978 Aristophani
1176 1925 1273 1979 Lys.
1306 1929 1388 1968 665
1431 1930 1613 1982 reposuit

120 1995 383 2036 Hermannus
395 2025 406 2047 ‚
429 1995 616 2035 'ceterum
644 1994 765 2035 etiam
794 1994 836 2035 in
862 1984 1153 2035 Anacreonteis
1185 1998 1237 2036 31
1251 2027 1263 2046 ‚
1292 1996 1338 2046 53
1378 1996 1469 2037 hine
1497 1999 1611 2051 paul-

120 2066 248 2107 lulum
276 2066 433 2106 recedit
465 2061 713 2120 βραδύπους
728 2064 775 2089 **
799 2059 946 2121 ἤλυσις
974 2064 1073 2106 Heo.
1106 2068 1159 2106 66
1191 2055 1253 2106 an.
1287 2080 1452 2121 yressus
1486 2069 1611 2110 tardi-

112 2147 189 2190 με
227 2134 390 2175 Anthol.
425 2134 508 2175 Pal.
549 2133 639 2184 IX,
669 2136 771 2184 310,
805 2133 871 2185 X,
909 2137 963 2175 37
996 2134 1155 2185 Tzetz.,
1197 2136 1303 2188 quod
1333 2139 1612 2189 possessivum

120 2206 185 2245 est
228 2204 393 2244 inversa
440 2203 708 2258 possessionis
747 2203 808 2254 vi,
854 2203 951 2243 item
1002 2206 1050 2243 ut
1090 2200 1405 2260 λευκοπήχεις*
1453 2201 1615 2248 κτύποι

117 2274 260 2330 χεροῖν
276 2274 428 2327 ¹Phoen⁴
452 2276 561 2316 1351
580 2287 636 2325 e.‚
671 2273 824 2330 χειρῶν
847 2264 982 2327 ἀκμαί
1010 2273 1155 2315 Bacch.
1178 2277 1312 2326 1206,
1352 2276 1404 2316 de
1432 2291 1511 2331 quo
1531 2278 1613 2319 vid.

118 2345 232 2386 infra.
250 2344 281 2396 2)
339 2343 539 2385 Suffixum
582 2345 645 2389 U
685 2343 748 2385 bis
776 2346 945 2399 apparet
970 2344 1011 2384 in
1039 2344 1118 2396 eis,
1162 2358 1265 2399 quae
1306 2346 1614 2400 proficiscuntur

121 2427 145 2455 a
178 2408 578 2470 terminatione'ffi:
619 2407 1039 2469 ποικιλοδέρμονες*
1069 2412 1213 2456 πῶλοι
1254 2415 1343 2469 Iph.
1369 2415 1419 2457 A.
1449 2420 1532 2459 226
1567 2433 1612 2469 0.,

123 2476 428 2537 λευκοκύμονες
443 2483 467 2509 ’¹‘
493 2475 618 2541 ᾑόνες
647 2478 838 2524 ποντίων
867 2477 1008 2524 σάλων
1040 2483 1173 2525 Orest.
1195 2488 1278 2527 993
1299 2499 1331 2527 c.
1361 2487 1465 2528 albis
1494 2489 1613 2530 undis*

119 2555 345 2610 spumantia
373 2552 533 2604 littora5
560 2566 641 2594 non
659 2565 789 2607 pauca
806 2554 859 2594 ad
883 2553 996 2609 χρῶς
1022 2556 1196 2596 redeunt
1213 2557 1281 2596 vel
1306 2551 1434 2611 χρόαι
1463 2552 1611 2599 ἆιολό-

214 2718 250 2765 1)
276 2716 386 2756 Bekk.
413 2715 454 2752 A.
478 2714 602 2762 Grnp.
617 2715 706 2759 442,
731 2716 799 2755 29:
827 2719 1028 2767 ἀργίποδες
1051 2717 1232 2759 ὀξύποδες
1256 2717 1328 2753 vid.
1355 2722 1429 2756 not.
1452 2721 1499 2757 ad
1526 2726 1611 2759 καλ-

120 2778 268 2816 λίτοξος.
363 2776 400 2822 2)
425 2776 522 2812 Haeo
546 2774 660 2821 igitur
682 2775 779 2812 haud
805 2776 912 2813 dubie
936 2776 1068 2819 rectius
1095 2777 1335 2824 appellaveris
1361 2780 1584 2818 attributiva.
