1857 3133
198 151 256 189 48

315 261 418 303 Cum
451 263 820 305 numeralibus
856 263 996 305 iuncta
1023 262 1254 316 Aeschylus
1282 263 1410 305 multa
1443 265 1566 305 habet
1594 262 1684 306 toti-

197 334 369 387 demque
392 332 436 373 ni
451 332 569 387 plura
588 331 835 387 Sophocles3
865 334 1063 385 accedunt
1076 331 1296 386 Euripides.
1311 332 1434 376 haec.
1465 328 1685 389 δίπορος*

195 396 393 459 κορυφή
387 402 546 443 'Erosd
586 404 700 443 1097
740 415 795 455 0.,
852 397 1144 457 διπόταμος*
1179 397 1339 451 πόλις
1356 400 1495 456 Suppl.
1535 404 1616 444 621
1650 415 1683 443 0.

196 472 350 515 duobus
373 470 526 526 fluviis
554 471 739 514 adiacens
767 473 886 524 urbs,
917 464 1112 531 δίκῳπον
1132 470 1185 496 *⁸
1213 466 1386 531 σκάφος
1413 470 1505 516 Alc.
1536 474 1631 513 252
1651 484 1683 513 0.

194 543 353 596 scapha,
382 554 482 595 quae
501 541 656 583 duobus
676 544 829 584 tantum
847 544 971 584 remis
989 543 1146 596 ayitur,
1166 534 1294 597 ἐλάτη
1311 540 1362 581 ib.
1383 542 1472 581 446
1481 554 1527 591 0.,
1543 541 1683 595 Polyb.

196 609 414 662 XXXIV,
446 613 495 660 3-,
525 613 574 662 2,
602 607 810 665 διώνυμοι
823 609 876 636 ¹¹⁵*
905 604 1013 652 θἐαί
1038 609 1188 651 Ρ110011.
1211 611 1294 651 683
1312 622 1344 650 0.
1372 602 1686 666 (Περσεφασσα
1747 659 1753 662 ,

195 675 271 720 καὶ
306 673 536 736 Δαμάτηρ)
572 693 654 721 non
691 681 908 722 birzominee
943 679 1017 719 sed
1042 670 1140 721 «bodo
1178 680 1339 721 nomina
1373 679 1555 721 habentes
1590 678 1615 719 i.
1651 692 1686 719 e.

198 749 324 801 duae,
348 749 429 790 sed
459 749 752 802 significatione
779 749 931 790 celeber
959 747 1194 798 Plutarcho,
1217 747 1425 802 Appiano,
1457 745 1547 789 aliis
1574 747 1686 794 fami-

197 817 320 868 liare,
347 817 455 870 quod
479 831 533 858 ex
559 817 855 872 praepositione
885 810 959 859 διά
977 819 1119 858 natum
1137 817 1368 871 perhibent3
1398 816 1527 858 Rhesi
1547 819 1688 859 auctor

197 887 302 927 dixit
329 882 555 940 δίβαμος*
573 888 655 927 215
684 888 818 942 bipes-5
833 886 865 938 ¹)
893 899 1013 940 porro
1042 880 1389 945 ‘cthdqvflegfv
1416 883 1689 942 Κορύβαντες

195 954 340 997 Bacch.
364 958 448 998 123
468 968 521 1008 0.,
548 957 716 998 vertunt
743 957 945 1012 triplicem
971 956 1131 1012 yalea'm
1160 956 1365 1008 habentes,
1394 952 1687 1013 τρικόρυθος*

197 1020 326 1076 Αἴας
365 1024 497 1067 Orest
537 1027 653 1067 1480
683 1039 715 1067 0.
729 1057 741 1077 ,
780 1019 1080 1082 τριπάρθενον
1093 1024 1120 1050 ⁴*
1135 1024 1167 1076 ⁸)
1201 1022 1351 1080 ζεῦγος.
1385 1026 1479 1079 frgt.
1511 1028 1594 1068 359
1636 1040 1689 1068 ex

195 1098 328 1139 tribus
363 1097 589 1152 viryimhuc
626 1098 808 1138 constans
842 1097 1006 1150 iuqum,
1045 1088 1334 1151 τετράμορφοι
1353 1094 1420 1147 ¹⁵⁸)
1454 1087 1565 1151 ὧραι
1592 1096 1716 1150 frgt„

200 1168 305 1218 937,
351 1165 431 1206 Nil.
475 1164 607 1219 Epist.
649 1163 692 1215 Ι,
740 1166 846 1217 224,
897 1163 1093 1218 Byzant.,
1141 1158 1421 1219 τετραβάμων
1443 1163 1514 1221 ”-
1546 1156 1688 1222 ἀπήνη

195 1234 342 1276 Troad.
373 1236 479 1285 517,
508 1226 831 1288 τετραβάμονες·
850 1228 980 1284 καλαί
1009 1232 1158 1273 Ρ110011.
1180 1235 1264 1274 808
1288 1246 1322 1274 c.
1333 1264 1345 1283 ,
1373 1227 1517 1287 ψάλια
1537 1233 1686 1274 Ρ110011.

199 1308 283 1347 793
311 1317 365 1355 0.,
395 1303 493 1359 γυῖα
530 1302 623 1344 Hel.
652 1305 736 1344 376
759 1315 813 1353 0.,
851 1300 993 1344 ἵπποι
1022 1302 1085 1343 El.
1115 1304 1199 1344 476
1227 1315 1259 1344 0.
1299 1302 1526 1359 quadrupes
1563 1301 1687 1358 Orph.

196 1374 348 1428 Hymn.
383 1373 490 1426 VH,
517 1374 567 1423 5,
596 1374 777 1413 ceterum
804 1371 1021 1427 Euripides
1042 1373 1118 1413 hoc
1138 1372 1349 1413 inventum
1376 1373 1475 1419 satis
1498 1373 1689 1414 audacter

198 1441 466 1485 substantivis
495 1442 705 1492 adiunxit,
737 1442 810 1482 sed
837 1434 1119 1497 τετράμοιρος
1134 1440 1162 1466 '¹‘
1190 1437 1358 1499 φυλακὴ
1385 1436 1538 1494 νυκτός
1563 1443 1688 1485 Rhes.

198 1516 224 1555 5
258 1526 320 1554 an.
347 1514 412 1554 est
449 1513 635 1568 quartam
662 1513 789 1553 noetis
809 1512 971 1566 partem
998 1512 1198 1552 continens
1226 1510 1429 1563 custodia,
1467 1506 1688 1554 δεκάσπο-

195 1598 269 1639 ρος
285 1582 312 1607 ⁴⁶
343 1577 497 1638 χρόνος
535 1581 678 1622 Troad.
716 1583 772 1622 20
818 1583 993 1636 tempus,
1040 1594 1117 1636 quo
1156 1580 1296 1622 decem
1334 1583 1523 1623 sementes
1549 1581 1690 1635 factae

195 1655 311 1704 sunt,
343 1644 619 1708 δεκάμφορος
632 1648 690 1683 *⁹*-
713 1645 872 1707 κρατήρ
904 1647 1017 1704 chl.
1041 1651 1146 1702 388,
1177 1649 1325 1692 Sosith.
1345 1650 1448 1710 ⁴frgt.
1470 1653 1520 1702 2,
1546 1664 1689 1692 verum

196 1715 554 1778 δωδεκαμήχανον
594 1715 748 1775 ὂὶντρον
785 1720 881 1772 frgt.
914 1720 1018 1770 755,
1067 1720 1174 1774 quod
1213 1720 1304 1761 risit
1342 1720 1548 1775 Aristoph.
1584 1720 1687 1770 Ran.

200 1793 338 1842 1327,
384 1790 457 1831 vix
494 1788 762 1844 Euripideum
813 1789 898 1839 est,
936 1789 1027 1829 ·sed
1078 1789 1182 1830 addo
1222 1782 1550 1843 ἑκατόστομοι*
1598 1786 1698 1847 ῥοαί

198 1861 345 1901 Bacch.
373 1861 458 1900 406
490 1871 545 1909 0.,
577 1852 1046 1913 ἑκατομπτολίεθρος*
1073 1852 1223 1914 Κρήτη
1251 1859 1346 1911 frgt.
1376 1861 1460 1899 475
1474 1890 1485 1909 ,
1516 1852 1696 1913 ἑκατογ-

198 1926 461 1986 κέφαλος,“
487 1923 597 1983 ὕδρα
625 1921 746 1968 Herc.
778 1927 803 1968 f.
837 1929 950 1968 1190
969 1939 1025 1978 0.,
1056 1921 1201 1983 ὄφεων
1231 1922 1444 1984 ἶαχήματα
1473 1928 1525 1969 ib.
1557 1930 1641 1970 883
1662 1940 1694 1968 0.

197 1998 488 2052 (attributive),
518 1991 661 2048 ἐῇμδνα
682 1996 888 2050 Aristoph.
909 1995 1013 2037 Rau.
1037 1998 1144 2047 473,
1174 1996 1216 2036 in
1236 2010 1314 2051 quo
1331 1997 1418 2038 loco
1438 1997 1546 2037 haud
1565 2009 1696 2051 pauca

126 2065 138 2075 ⁶
197 2069 333 2109 inesse
363 2080 414 2107 ex
444 2065 652 2120 Euripidis
682 2065 839 2107 Theseo
869 2066 998 2119 petita.
1037 2066 1190 2107 scholia
1227 2062 1424 2116 indicarit3
1463 2060 1693 2122 ἑπτάπυρ-

182 2147 273 2192 γος
294 2135 347 2161 *⁴⁶
377 2135 433 2191 γᾶ
462 2135 613 2177 Ρ110011.
646 2137 729 2176 245
761 2149 817 2186 0.,
858 2128 990 2185 πόλις
1030 2135 1080 2176 ib.
1113 2137 1196 2177 748
1228 2137 1271 2177 et
1293 2135 1442 2177 Hercf.
1478 2137 1556 2187 28,
1593 2133 1696 2193 κλῇ·
1754 2124 1757 2127 ”

196 2207 288 2261 θρα
330 2207 410 2259 γᾶς
448 2204 596 2247 Phoen.
640 2207 777 2256 1058,
823 2200 1057 2261 περιβολαί
1099 2205 1152 2246 ib.
1193 2208 1326 2257 1078,
1363 2206 1480 2259 figur.
1517 2205 1694 2247 Maccab.

295 2373 330 2418 1)
354 2372 424 2409 Per
450 2384 489 2409 se
514 2373 658 2420 quidem
683 2371 875 2421 Euripides
901 2375 1049 2412 minime
1071 2385 1186 2421 pauca
1209 2374 1321 2412 habet
1344 2375 1445 2412 velut
1478 2374 1693 2425 ὃικόρυφος,

199 2433 370 2478 δίχηλος,
395 2441 485 2476 quae
509 2443 583 2468 non
608 2434 693 2468 sunt
709 2433 755 2469 ab
772 2444 813 2469 οο
831 2433 999 2480 profecta.
1086 2434 1123 2480 2)
1140 2434 1195 2469 De
1213 2433 1511 2479 interpretatione
1526 2432 1696 2469 adiectivi

197 2498 418 2535 magnopere
435 2488 626 2535 ambigunt
640 2490 867 2536 interpretes.
899 2490 1048 2537 Cogites
1065 2491 1108 2527 de
1124 2491 1260 2536 triplici
1276 2490 1406 2538 φάλων
1422 2491 1523 2527 serie.
1540 2489 1693 2526 Lobeck.

159 2571 164 2578 .
197 2546 245 2582 ad
269 2545 370 2592 Ajac.
388 2556 424 2582 ν.
440 2545 528 2582 84⁷:
556 2574 577 2589 „
589 2546 831 2593 Corybantes,
857 2548 998 2595 inquit,
1024 2548 1178 2585 fortasse
1194 2548 1249 2584 ita.
1265 2549 1441 2595 appellati
1466 2548 1571 2588 sunt.
1598 2548 1694 2594 quod

196 2604 341 2650 crepido
372 2604 506 2650 triplex
531 2605 643 2641 trium
664 2606 851 2652 galearum
877 2606 947 2643 sibi
964 2606 1323 2653 superimpositamm
1339 2606 1494 2652 speciem
1509 2604 1668 2642 referret
1672 2610 1693 2625 ‘⁴

197 2663 234 2709 3)
262 2662 322 2700 Sic
348 2663 445 2699 0111111
472 2663 768 2711 distinguendum
798 2666 856 2702 est
877 2664 916 2701 in
940 2664 1141 2712 Hesychio,
1174 2666 1217 2701 ut
1249 2663 1495 2731 τριπάρθενος
1518 2662 1695 2711 Euripidi,

197 2721 295 2769 τρίζυ
297 2733 364 2767 γος
390 2720 561 2768 Sophocli
581 2721 782 2766 tribuatur,
806 2722 851 2759 de
875 2733 947 2769 qua
967 2723 1200 2761 distinctione
1224 2723 1325 2770 prius
1346 2721 1526 2759 inutiliter
1549 2722 1693 2760 dubita-

198 2776 278 2813 tum
302 2780 366 2814 est.
