1857 3133
159 41 217 81 40

160 169 314 207 remus,
361 148 729 211 δρακοντόχειρες,
786 167 919 210 neque
964 155 1222 210 interpretari
1277 143 1374 202 licet
1413 150 1644 214 δράκοντες

158 240 236 275 τας
258 238 420 281 χειρας.

156 392 188 425 1ι.
234 392 299 433 Ex
331 391 570 446 adJectivo
611 393 685 424 aut
722 392 945 427 numerali
982 395 1024 426 et
1048 392 1339 428 substantivo
1375 392 1644 442 composita.

273 497 451 548 Homm,
489 498 598 551 quod
634 498 773 539 mirari
815 499 888 538 vix
918 499 1085 549 subeat,
1120 498 1324 540 uberrima
1359 496 1524 540 suboles
1559 498 1643 539 est:

157 578 401 621 quamquam
428 580 483 608 ex
510 566 767 621 undeviginti
796 566 940 608 fabulis
966 580 1018 608 ac
1043 568 1270 610 numerosis
1293 565 1531 621 fragmentis
1561 578 1644 607 non

156 636 277 691 plura
314 637 462 691 collegi
500 650 620 691 quam
661 639 818 691 septem
853 636 1049 691 Aeschyli
1088 637 1323 693 tragoediae
1360 636 1643 691 praebuerunt.

159 705 290 748 Simul
317 706 536 748 tenendum
565 708 630 747 est
657 705 894 760 Euripidem
925 702 1103 748 si'velut
1123 708 1278 759 nactus·
1296 700 1406 757 erat,
1438 704 1547 765 quod
1564 702 1644 758 ipsi
1666 730 1669 733 -

157 776 362 830 placeret,
397 776 662 823 adjectivum,
705 775 747 815 in
791 788 840 816 eo
882 775 1048 817 mirumv
1071 777 1265 831 quantum
1294 768 1501 833 ingenium
1527 787 1644 821 exer-

156 846 311 897 cuisse,
340 848 482 898 contra
508 845 780 899 Aeschylum,
808 845 890 895 etsi
915 846 1080 895 minime
1111 847 1276 901 sprevit
1294 859 1348 887 ex
1376 846 1455 886 uno
1484 844 1644 891 eodem-

157 928 235 967 que
268 914 467 955 adiectivo
504 915 738 968 compluria
763 913 943 967 fingere,
992 915 1156 968 parcius
1202 918 1340 956 tamen
1383 914 1530 955 fecisse
1568 905 1643 967 pro

155 982 312 1036 ingenii
348 969 559 1025 varietate.
598 1008 658 1019 —
704 983 797 1025 Non
834 997 964 1038 pauca
1013 998 1068 1027 ex
1113 975 1388 1040 supericribus
1434 984 1477 1024 in
1525 991 1672 1024 usum*

159 1066 279 1098 suum
316 1054 534 1108 Euripides
574 1054 720 1105 vertit,
761 1052 980 1094 Homerica
1016 1047 1456 1107 1ι880.ὁασύμαλλος
1495 1036 1648 1111 Odyss

155 1121 247 1173 IX,
275 1125 385 1172 425,
414 1122 530 1176 chl.
563 1124 648 1169 360
677 1135 727 1174 c.,
756 1109 1113 1175 καλλιπλόκαμος
1142 1134 1252 1184 saep.
1280 1122 1324 1163 in
1351 1118 1504 1178 Hem„
1506 1121 1644 1174 End,
1743 1120 1749 1161 ζ

91 1189 109 1214 ·'
156 1191 206 1232 ol.
236 1179 329 1243 ῙΠ,
356 1194 403 1242 2,
430 1189 529 1232 Eur.
554 1190 643 1245 Iph.·
677 1190 726 1232 A.
760 1192 874 1232 1040
902 1197 957 1242 c.,
976 1184 1250 1249 ἓπτάπορος
1281 1191 1395 1234 fluvii
1420 1191 1580 1247 nomen
1596 1184 1735 1243 Iltgs‘

155 1259 265 1310 ΧΠ,
289 1224 345 1300 20
363 1263 417 1301 et
444 1261 611 1300 Hesiod.
648 1260 802 1312 Theog.
835 1262 940 1311 341,
982 1261 1033 1300 de
1072 1260 1261 1323 planetis
1285 1262 1431 1315 hymn.
1442 1251 1570 1306 Mart·
1595 1253 1648 1310 ‘27
1662 1244 1677 1252 ιγ
1737 1244 1764 1255 ⁸

137 1329 208 1370 “de
238 1328 470 1385 Plejadibus
493 1327 788 1382 Orest.1005,
820 1328 909 1384 Iph.
938 1328 988 1371 A.
1022 1332 1045 1372 7
1076 1343 1160 1381 an.,
1186 1320 1313 1373 Rhes.
1340 1326 1437 1390 529
1454 1326 1510 1382 c.,
1520 1322 1667 1373 καλῙ-”

116 1406 125 1435 J
155 1395 389 1467 λιρέε-θρος
414 1398 577 1456 Odyss.
617 1398 684 1449 X,
715 1401 821 1451 107,
862 1398 1027 1440 Hesiod.
1070 1394 1224 1456 Theeg.
1258 1402 1364 1451 339,
1398 1394 1496 1442 Eur.
1523 1400 1645 1441 Herc.

157 1468 183 1508 f.
217 1470 301 1509 784
323 1482 377 1518 c.;
407 1456 633 1523 Hesiodea.
663 1463 952 1547 ἆπαλόχρους
959 1468 1034 1524 Op‘.
1054 1472 1156 1519 517,
1180 1455 1318 1523 hymn.
1346 1470 1464 1516 Hom.
1487 1472 1531 1511 in
1544 1471 1648 1512 Ven.

161 1539 226 1577 14.
256 1537 305 1578 81.
335 1537 447 1580 Eur.
462 1538 554 1580 Hel.
589 1540 672 1581 373
703 1551 758 1589 c.,
769 1532 1086 1594 κυαναπτερος
1113 1537 1223 1580 Scut.
1256 1541 1364 1591 393,
1399 1538 1496 1581 Eur.
1510 1539 1649 1581 Andr.

163 1608 247 1647 862
280 1620 333 1658 c,
376 1604 647 1663 πολύβοτρυς
688 1606 855 1648 Hesiod.
891 1608 985 1661 frgt.
1027 1610 1133 1659 141,
1172 1607 1360 1649 Simonid.
1401 1621 1463 1663 ap.
1501 1609 1649 1650 Athen.

123 1640 349 1727 '''1V,17’2
378 1677 425 1730 F,
448 1677 558 1726 Eur..
566 1677 727 1719 Bacch.
758 1679 862 1728 651;
890 1678 1146 1719 Pindaricum
1173 1678 1290 1732 Pytii
1319 1678 1408 1731 ΠΙ,
1437 1682 1516 1722 43:
1543 1678 1649 1721 καλ-

106 1741 380 1797 ‘Maeniog
412 1746 558 1787 Troad.
593 1750 676 1788 338
707 1760 761 1796 c.;
799 1746 1052 1800 Aeschyleaz
1079 1741 1364 1804 λευκόπτερος
1390 1748 1521 1791 Prom.
1554 1751 1651 1800 993,

51 1793 65 1839 '¹
142 1803 308 1863 μ’Τιοιιά
339 1818 423 1857 847
453 1829 485 1856 c.
496 1815 657 1870 ,Hipp.
690 1818 823 1857 7530.
836 1807 1094 1870 ,ὦμόσιτος
1123 1814 1232 1871 Sept.
1257 1819 1361 1870 522,
1390 1818 1488 1861 Eur.
1505 1818 1649 1862 Bacch.

165 1888 270 1937 338,
310 1885 459 1926 Phoen.
500 1888 611 1927 1025
644 1899 698 1936 c.,
741 1882 1136 1940 θρασύσπλαγχνος
1172 1886 1303 1928 Prom.
1340 1891 1423 1928 729
1467 1889 1652 1940 adverb„

162 1954 260 1996 Eur.
302 1954 424 2011 Hipp.
465 1958 573 2007 424,
614 1948 923 2012 θρασύστομος
962 1954 1072 2010 Sept.
1113 1958 1220 2008 612,
1257 1956 1337 2010 Ag.
1382 1961 1516 2010 1359,
1552 1958 1650 2001 Eur.

162 2022 257 2077 frgt.
289 2028 334 2074 3,
367 2017 605 2078 ὅξύστομος
632 2025 762 2065 Prom.
794 2028 904 2074 675,
930 2026 1028 2065 Eur.
1059 2024 1197 2078 Suppl.
1231 2029 1366 2079 1206,
1393 2025 1652 2083 φαιδριιητός

163 2092 243 2147 Ag.
277 2095 360 2134 700
380 2107 412 2135 c.
443 2093 540 2135 Eur.
570 2092 638 2135 Or.
666 2082 775 2147 894,
805 2090 970 2150 μονωψ
998 2093 1127 2135 Prom.
1151 2096 1236 2136 804
1268 2096 1320 2149 (si
1347 2100 1413 2138 est
1440 2096 1651 2153 Aeschyli)

165 2161 276 2216 Cycl.
308 2166 387 2213 24,
421 2166 529 2215 648,
566 2158 836 2219 τρισώματος
863 2163 942 2216 Ag.
972 2167 1080 2215 870,
1118 2164 1216 2205 Eur.
1248 2167 1312 2206 ter
1336 2166 1378 2206 in
1408 2166 1528 2208 Herc.
1555 2168 1651 2219 fur„

161 2226 428 2290 χιλιοναύτης
465 2232 611 2287 Agam.
639 2236 717 2285 45,
738 2233 845 2288 *Iph.
889 2233 933 2275 Τ.
977 2237 1056 2274 141
1089 2247 1141 2285 c.,
1193 2232 1436 2293 δολιόφρων
1474 2236 1651 2294 Choeph.

168 2304 273 2353 935,
299 2303 387 2356 Iph.
416 2302 464 2343 A.
495 2306 604 2345 1301
639 2317 693 2355 c.,
735 2299 999 2359 κραταίλεως
1025 2303 1104 2357 Ag.
1134 2307 1235 2358 666,
1263 2304 1326 2347 ΕΙ.
1356 2309 1462 2359 534,
1500 2303 1650 2350 καλλί-

163 2386 342 2429 πρωρος
371 2371 481 2427 Sept.
513 2376 621 2424 514,
650 2373 730 2427 Ag.
763 2371 871 2425 221,
908 2373 1007 2415 Eur.
1037 2374 1145 2415 Med.
1175 2378 1307 2428 1335,
1346 2378 1454 2431 quod
1489 2379 1651 2421 unicum

163 2446 228 2483 est
266 2443 463 2498 Aeschyli
501 2457 555 2483 ex
593 2438 724 2493 καλός
773 2445 1058 2499 compositum,
1109 2459 1232 2499 quum
1282 2460 1482 2501 nusquam
1519 2449 1652 2502 magis

82 2565 87 2570 0
161 2513 411 2555 luxuriatum
450 2513 505 2554 sit
541 2513 748 2566 ingenium
787 2513 1015 2568 Euripidis;
1062 2515 1166 2556 addo
1208 2507 1494 2568 ὀπισθόπους
1531 2516 1651 2574 Hipp.

164 2585 241 2633 54,
283 2586 417 2633 1179,
472 2595 597 2636 quum
644 2582 876 2637 ¹Aeschylus
931 2584 1098 2624 formam
1161 2576 1423 2636 ὀπισθόπος
1485 2587 1655 2638 habeat5

163 2649 404 2704 Sophoclea:
447 2646 724 2706 ἓπτάστομος
761 2653 856 2706 frgt.
897 2655 975 2694 701
989 2685 999 2704 ,
1048 2652 1145 2695 Eur.
1184 2653 1328 2713 Suppl.
1364 2658 1445 2697 401
1459 2688 1471 2708 ,
1508 2656 1651 2700 Bacch.
