1857 3133
1576 153 1631 194 35

151 263 318 324 ἐρέσσω
345 268 520 313 refertur
541 269 638 324 (vid.
665 269 763 312 Lob.
783 267 895 312 Ptol.
924 267 1037 312 Path.
1067 283 1106 325 p.
1141 270 1269 323 268).
1325 267 1557 325 Sequantur
1583 268 1636 311 ab

152 338 342 395 adverbio
367 341 418 380 et>
428 340 728 395 praepositione
746 339 870 379 dueta
888 338 968 379 dno
987 340 1281 392 significatione
1299 340 1438 381 suffixi
1455 342 1634 381 retenta:

151 403 321 465 διχήρης
348 408 372 435 *
397 408 483 452 Ion.
511 412 624 452 1156
654 409 839 465 ὸίρωύίέο
867 406 1042 465 dimisae,
1080 403 1282 467 ἀμφήρης
1306 408 1353 435 **
1380 406 1509 467 σκηνή
1547 410 1633 452 Ion.

154 480 288 529 1128,
322 475 445 530 ξύλον
475 479 596 521 Herc.
622 479 648 519 1:
677 480 783 529 243,
822 474 929 531 δόρυ
958 477 1071 532 Cyol.
1099 481 1177 530 15,
1217 479 1315 521 Poll.
1347 479 1390 531 Ι,
1423 483 1497 521 82:
1538 480 1634 521 vide

149 546 286 601 igitur,
311 548 353 590 in
388 549 451 591 his
488 552 533 591 et
571 548 614 589 in
647 548 718 600 iis,
760 559 865 603 quae
892 546 959 589 Et.
986 547 1041 588 M.
1069 550 1145 600 89,
1173 551 1230 591 30
1255 548 1394 600 affert,
1429 562 1551 604 quam
1578 550 1634 591 sit

150 617 342 660 suffixum
359 618 564 661 versatile.
594 618 652 660 At
671 618 779 671 quod
797 616 1033 673 Hesychius
1049 617 1171 658 habet
1198 617 1309 676 ,⁷5⁸3
1331 611 1562 677 ἀμφήρεις’
1590 620 1633 661 in

150 699 222 739 eo,
247 690 294 729 ut
320 689 378 731 ait
403 689 516 743 ipse,
545 688 692 742 gliscit·
710 676 887 744 ἐρὲσσω.
930 679 1157 732 Adiectivis
1185 687 1266 729 duo
1292 683 1509 729 debentur:
1537 684 1631 746 ἰσή-

150 770 230 814 ρης
252 757 313 786 t*-
330 757 480 816 ψῆφος
504 758 593 814 Iph.
623 757 669 800 Τ.
699 761 835 810 1472,
861 758 899 799 i.-
916 773 952 813 q.
980 752 1103 811 ἴσος,
1133 756 1301 799 Nicand.
1330 757 1448 798 Ther.
1477 760 1561 800 643
1592 760 1636 799 et

147 826 255 868 idem
283 839 345 882 ap.
371 826 515 870 Galen.
543 827 650 880 XII,
682 831 764 870 383
794 827 853 878 A;
879 824 1095 885 μεσσήρης
1122 827 1171 853 ⁸¹*
1188 828 1285 883 ⁴Iph.
1305 826 1356 869 A.
1378 830 1416 868 8.
1436 840 1520 878 an.,
1547 827 1636 868 Ion.

150 898 238 938 910
263 909 309 947 c.,
334 895 540 938 Eratosth.
567 909 631 952 ap.
659 896 836 940 Brunck.
864 896 983 939 Anal.
1011 896 1052 949 Ι,
1073 899 1180 953 228.
1235 895 1351 938 Haec
1376 910 1402 938 a
1420 896 1636 952 primitivis

149 964 309 1005 omnino
322 965 381 1005 nil
400 964 601 1006 differunt.
614 990 673 995 —
697 965 855 1006 Ceteris
866 965 1029 1007 suffixis
1045 969 1166 1019 poeta
1181 966 1521 1016 abstinuitr-velut
1539 967 1637 1015 Zao—oe,-

150 1033 271 1089 (quod
290 1031 412 1089 Soph.
432 1033 526 1088 frgt.
546 1035 602 1076 35
629 1033 672 1075 in
686 1027 908 1089 ’βωμιαῖος
924 1034 1075 1088 habet),
1095 1035 1416 1090 quandoquidem
1434 1034 1638 1085 νωτιαῖος

149 1103 247 1144 Eur.
275 1103 337 1144 El.
367 1106 449 1164 841
464 1134 477 1154 ,
502 1103 600 1145 Lob.
620 1103 768 1159 Phryn.
785 1107 903 1155 656,
932 1117 1057 1157 quum
1082 1104 1125 1144 in
1151 1104 1320 1145 Platone
1348 1107 1392 1145 et
1419 1104 1640 1145 Aristotele

148 1175 322 1228 legatur,
340 1173 438 1215 item
456 1176 503 1214 ut
522 1186 548 1215 a
566 1173 714 1216 suffixo
742 1175 840 1223 ῗδῖἶς
866 1168 1098 1230 νυμφίδιος
1113 1173 1211 1216 Eur.
1231 1174 1408 1229 saepius,
1434 1173 1640 1229 Aristoph.

150 1243 227 1284 Av.
251 1246 375 1295 1729,
403 1243 624 1297 Euripides.
651 1256 744 1285 esse
771 1244 881 1285 haud
908 1244 1156 1284 crediderim
1184 1267 1243 1274 ———
1301 1244 1488 1297 Apparet
1512 1244 1639 1297 igitur

151 1312 300 1355 suffixa
327 1312 523 1367 quaedam
550 1314 597 1355 ut
624 1312 666 1367 ᾗ·
694 1311 855 1365 (tertiae
883 1311 1177 1364 declinationis)
1216 1315 1268 1353 et
1288 1313 1348 1357 m—v‘
1376 1312 1531 1354 adscita
1556 1326 1639 1355 non

151 1395 264 1423 esse:
303 1382 404 1422 haec
432 1383 652 1423 reservata:
671 1383 769 1421 sunt
795 1381 1052 1437 compositis,
1087 1381 1141 1421 ad
1179 1392 1284 1433 quae
1312 1381 1370 1421 nil
1398 1381 1516 1422 obest
1543 1394 1639 1435 quo·

151 1451 284 1500 minus
327 1452 542 1492 transeam.

351 1601 383 1645 9.
414 1601 451 1638 3.
509 1598 557 1638 Β.»
605 1597 676 1638 De
716 1597 1041 1643 Hominibus
1082 1597 1424 1649 compositis.

270 1706 474 1749 Sermonis
512 1705 650 1763 graeci
689 1703 1028 1758 magnificentiam
1060 1706 1189 1758 sitam,
1210 1719 1303 1747 esse
1331 1706 1373 1746 in
1402 1706 1639 1761 composito·

158 1790 249 1818 rum
275 1776 390 1830 copia
407 1788 466 1816 vac
492 1775 690 1815 varietate
718 1775 918 1814 neminem
943 1776 1064 1815 credo
1092 1775 1228 1818 lateat.
1287 1775 1475 1829 Inprimis
1505 1778 1642 1815 autem

158 1846 303 1899 tragici
332 1846 375 1886 in
399 1858 540 1899 campo
566 1844 811 1898 amplissimo
836 1845 946 1895 vires
973 1845 1311 1895 exercitaverant.
1367 1844 1533 1899 ‚Quippe
1558 1857 1643 1886 non

161 1918 278 1957 erant
321 1914 446 1963 nescii
481 1916 564 1956 tam
608 1913 797 1967 dignitati
841 1926 969 1968 quam>
1009 1914 1200 1955 suavitati
1244 1914 1441 1954 sermonis
1480 1928 1525 1955 se
1560 1927 1641 1955 non

158 1998 281 2039 posse
328 1984 473 2036 melius
522 1979 754 2034 consulere,
802 1996 921 2037 quam
959 1983 1014 2034 si,
1059 1996 1137 2037 quo
1175 1983 1351 2024 nondum
1390 1986 1640 2037 perrexerat,

159 2054 340 2109 linguam
378 2053 522 2108 suopte
560 2052 720 2106 ingenio
765 2052 1021 2093 adducerent.
1092 2051 1143 2092 In
1183 2064 1261 2106 qua
1297 2053 1503 2106 provincia
1543 2066 1640 2106 quo-

161 2123 279 2163 modo
308 2124 402 2176 post
429 2122 679 2175 Aeschylum
714 2134 762 2162 ac
789 2119 1027 2175 Sophoclem
1053 2121 1279 2175 Euripides
1320 2134 1406 2161 rem
1450 2121 1642 2174 gesserit,

161 2204 263 2247 quae
291 2191 468 2245 vestigia
496 2193 660 2231 secutus
690 2190 764 2242 sit,
795 2193 931 2231 utrum
958 2190 1106 2244 ubique
1136 2190 1188 2231 ad
1212 2190 1376 2243 linguae
1402 2191 1569 2244 regulas
1596 2204 1642 2233 se

160 2261 431 2316 composuerit
470 2272 523 2301 an
561 2259 763 2300 interdum
803 2272 874 2301 eas
912 2259 1171 2313 migraverit,
1208 2262 1296 2300 tum
1334 2260 1497 2302 demum
1528 2264 1640 2303 certo

159 2332 294 2373 dicere
321 2331 475 2386 poteris
488 2361 499 2380 ‚
527 2342 648 2383 quum
667 2324 973 2384 ‘compositionis
994 2330 1151 2369 omnino
1171 2330 1369 2370 rationem
1387 2330 1640 2383 cognoveris,

160 2399 214 2440 ad
251 2405 370 2453 quam
396 2397 706 2452 Euripideorum
745 2412 902 2454 quoque
934 2398 1220 2440 vocabulorum
1252 2398 1469 2440 thesaurus
1498 2400 1638 2452 exiga-

160 2471 236 2510 tur.
289 2467 408 2508 Hanc
445 2470 556 2508 recte
594 2468 801 2509 inventam
833 2482 924 2509 esse
962 2469 1013 2509 ab
1050 2467 1201 2509 Indicis
1241 2468 1513 2521 grammaticis
1542 2456 1636 2521 quo-

159 2539 266 2580 niam
292 2544 432 2578 notum
458 2539 544 2587 est,
571 2550 653 2578 non
682 2538 811 2578 dicam
833 2538 1033 2592 pluribus,
1066 2538 1187 2578 immo
1208 2538 1307 2578 satis
1326 2538 1454 2578 habeo
1472 2549 1635 2589 genera,

160 2620 264 2660 quae
284 2607 337 2648 ad
356 2605 590 2659 Euripidem
610 2606 832 2659 pertinent,
848 2608 880 2660 ¹)
901 2607 1097 2648 attulisse.
1149 2606 1253 2648 Sunt
1271 2607 1408 2647 autem
1426 2606 1636 2659 quattuor:

255 2766 291 2810 1)
314 2764 423 2800 Mitto
447 2762 584 2809 reliqua
606 2764 648 2797 ut
676 2766 858 2800 collectiva
884 2767 922 2801 et
946 2766 1124 2802 adverbia.
1349 2796 1352 2801 .

1259 2827 1283 2865 3
1299 2823 1323 2850 22
