1857 3133
139 174 146 180 -
214 118 239 158 8

208 234 335 282 lians3
354 231 386 283 ¹)
427 233 516 273 tum
545 231 614 285 qui
642 230 982 284 Anthologiarum
1011 233 1200 287 poemata
1230 231 1590 285 minema-non
1616 232 1705 274 sine

211 313 359 354 magno
406 313 480 342 suo
518 301 654 342 fructu
701 303 961 342 accesserant
998 302 1050 343 ad
1089 300 1345 356 Euripidem}
1392 304 1596 357 postremo
1636 302 1706 344 vel

210 370 434 423 exsanguis
471 369 795 424 Byzantinorum
830 372 969 425 poesis
1011 373 1077 412 sat
1114 372 1243 413 multa
1284 370 1463 413 indidem
1501 358 1705 422 delibavit,

209 441 326 482 velut
358 438 608 480 Theodorus>
625 438 873 481 Prodromus
903 442 947 481 et
984 439 1273 483 Constantinus
1291 468 1292 472 ,
1309 439 1523 483 Manassen
1542 440 1705 496 cuspide

211 524 257 552 se
287 523 432 552 ornare
459 509 524 551 his
553 510 686 551 solent
714 510 887 551 exuviis.
955 510 1005 551 In
1043 512 1158 552 tanto
1186 510 1349 564 agmine
1376 510 1602 562 lectorum-,‘
1616 545 1624 550 »γ
1637 510 1705 566 qui

209 581 392 622 hortulos
423 592 519 620 suos
547 579 643 620 inde
658 579 913 633 irrigarunt,
950 578 1098 620 mirum
1125 592 1207 621 non
1239 581 1322 632 est,'
1347 580 1467 635 *quod
1498 591 1560 620 ex.
1580 580 1704 622 octin-

210 651 348 703 gentis
376 649 537 691 circiter
565 652 608 691 et
637 650 932 704 quinquaginta
955 650 1162 694 vocabulis
1192 673 1249 680 —-—
1279 650 1405 691 mitto
1432 650 1539 692 enim
1569 651 1706 692 cetera

212 720 337 761 allata
367 720 445 761 sed.
468 720 603 762 minus
633 722 745 761 certa
773 742 833 751 --
859 718 1084 773 quingenta
1112 718 1273 760 nonnisi
1301 731 1404 760 cnm-
1419 719 1525 773 ipso'-
1540 721 1704 761 auctore

213 790 468 841 ceciderunt,
496 789 851 843 reliquorumssalia
878 788 1005 828 semel
1035 789 1152 829 bisve
1179 788 1354 843 repetita
1376 790 1488 839 sunt,
1499 789 1589 829 alia
1612 801 1704 830 sae-

210 858 314 912 pius.
332 857 364 910 ²)
435 857 625 900 Ceterum
656 858 843 910 singulae
873 856 1035 898 fabulae
1071 858 1147 898 hoc
1180 870 1338 912 quoque
1377 858 1539 899 nomine
1567 858 1704 899 admo-

209 927 307 968 dum
334 928 585 981 discrepant,
614 940 746 980 neque
774 929 912 968 tamen
941 927 1201 968 statuendum
1228 929 1311 977 est,
1339 927 1447 981 quod
1476 927 1706 981 suspicetur

208 995 347 1036 forsan
377 995 543 1049 aliquis,
571 1009 675 1050 quae
704 995 839 1052 priore
869 999 1052 1051 tempore
1082 997 1197 1038 actae
1226 996 1331 1048 sint,
1352 1009 1439 1038 -eas
1469 996 1584 1052 copia
1612 1009 1704 1038 con-

210 1067 374 1121 spicuas
404 1057 517 1119 esse,
553 1069 601 1108 ut
619 1067 854 1122 paucitate,
877 1080 995 1121 -quae
1024 1067 1076 1107 ad
1107 1067 1333 1121 posteriora
1361 1069 1545 1122 tempora
1581 1068 1704 1122 perti-

208 1138 353 1178 neant:
380 1137 503 1177 immo
530 1149 629 1177 vero
660 1139 707 1177 ut
734 1137 777 1177 in
805 1135 1013 1177 Alcestide
1040 1148 1089 1177 ac
1115 1135 1263 1177 Medea
1289 1136 1535 1191 paucissima
1559 1137 1706 1191 leg-unz

206 1208 295 1257 tur,
335 1205 394 1246 ita
420 1206 462 1246 in
491 1205 728 1247 Bacchabus
754 1205 947 1259 plurima:
989 1207 1141 1246 certam
1173 1205 1301 1258 igitur
1328 1207 1516 1259 regulam
1549 1207 1586 1248 si
1622 1208 1704 1249 fru-

209 1277 295 1316 stra
334 1275 526 1326 secteris,
570 1276 649 1316 hoc
679 1275 905 1316 duntaxat·
927 1275 1017 1316 inre
1054 1276 1241 1329 posueris
1278 1274 1534 1330 Euripidem
1580 1290 1705 1330 quum

207 1344 442 1398 Aeschylus
471 1354 673 1400 nusquam
700 1344 930 1400 pepercerit
965 1344 1150 1397 ingenio,
1190 1358 1235 1386 se
1272 1345 1405 1398 aliquo
1443 1346 1560 1386 modo
1599 1358 1704 1386 oom-

205 1396 393 1468 posuisse
424 1415 476 1454 ad
506 1416 760 1467 argumenta,
793 1413 881 1468 qui3
906 1415 953 1454 ut
977 1414 1142 1455 unicum
1172 1415 1379 1469 exemplar
1408 1415 1632 1466 subiiciam‚
1662 1415 1706 1455 iu

205 1484 476 1538 depingendis
516 1478 677 1543 ἅθλᾳις
707 1478 972 1538 (Ἡρακλέους
1012 1483 1132 1524 Herc.
1160 1484 1236 1524 fur.
1272 1498 1310 1525 v.
1345 1487 1481 1526 348—
1497 1487 1583 1525 440
1623 1484 1701 1525 sol·

204 1551 363 1593 lertiam
395 1541 512 1593 suam
548 1552 810 1607 comprobare
839 1565 920 1593 non
956 1552 1307 1606 praetermitteret.
1379 1552 1533 1595 Iamsi
1560 1567 1615 1594 ex
1642 1553 1700 1594 in-

157 1610 160 1612 *
204 1626 420 1662 ventorum
457 1636 626 1662 numero
665 1623 849 1662 ordinare
883 1623 986 1661 velis
1022 1622 1203 1672 fabulas,
1240 1621 1486 1663 Phoenissae
1517 1636 1572 1664 ac
1599 1623 1700 1663 Bac—
1754 1639 1757 1645 ’

205 1691 305 1732 chae
343 1691 472 1746 primo
514 1692 602 1733 loco
643 1691 854 1746 ponendae
894 1693 1034 1743 erunt,
1083 1703 1108 1732 a
1145 1691 1290 1744 quibus
1309 1678 1482 1734 nonnisi
1521 1692 1702 1747 paullum

163 1760 166 1763 ’
204 1762 402 1802 recedunt
449 1762 643 1814 Orestes,
692 1762 909 1815 Iphigenia
946 1761 1203 1812 Aulidensis,
1254 1750 1469 1815 Iphigenia
1518 1762 1702 1812 Taurica,

204 1830 407 1873 Hercules
436 1832 596 1885 furens,
634 1833 720 1873 tum
747 1831 845 1883 Ion,
878 1830 1059 1882 Helena,
1093 1830 1273 1873 Troades
1300 1831 1569 1885 insequuntur
1596 1834 1702 1884 cett,

205 1903 400 1942 claudunt
437 1915 585 1955 agmen
621 1902 822 1952 Alcestis,
856 1901 1022 1952 Medea,
1057 1901 1309 1942 Heraclidae.
1378 1901 1430 1942 In
1460 1902 1701 1954 fragmentis

204 1985 277 2026 pro
309 1971 573 2040 amplitudine
602 1971 685 2025 legi
716 1984 798 2012 non
828 1970 975 2012 multa:
1016 1970 1169 2012 scilieet
1196 1970 1266 2024 qui
1296 1972 1457 2025 poetam
1488 1984 1701 2027 excerpse—

304 2168 339 2211 1)
371 2169 475 2204 Hanc
505 2180 578 2205 non
615 2169 734 2204 minus
756 2168 973 2214 argumenti
1006 2168 1126 2214 gratia
1159 2159 1341 2204 lectitavit
1374 2167 1444 2203 vid.
1476 2167 1703 2215 Bernhardyi

206 2225 302 2264 Hist.
325 2225 412 2265 Litt.
437 2225 559 2263 Graec.
582 2226 643 2270 Π,
671 2227 700 2262 1.
739 2238 773 2273 p.
798 2227 878 2264 335.
931 2225 1098 2264 Ceterum
1133 2237 1238 2273 quem
1262 2224 1351 2262 adeo
1373 2227 1542 2273 ceperant
1563 2226 1702 2262 lumina

206 2285 391 2327 orationis,
418 2285 464 2321 ab
494 2296 536 2321 eo
561 2285 659 2321 haud
685 2295 766 2320 raro
786 2284 1039 2335 vocabulorum
1064 2283 1202 2331 opificis
1228 2276 1358 2320 munus
1383 2286 1588 2331 susceptum
1611 2295 1700 2328 esse,

204 2344 247 2378 ut
268 2342 546 2388 exspectandum
573 2343 663 2379 erat‘
675 2342 721 2378 ab
745 2342 901 2378 hominis
909 2341 1090 2394 ingenio‘²
1127 2341 1250 2378 docuit
1279 2342 1394 2388 nuper
1418 2342 1457 2378 in
1482 2353 1700 2390 programm.

205 2412 326 2447 gymn
361 2401 587 2438 Krotoschin
628 2401 780 2437 Assmus
825 2400 1000 2443 „scholae
1030 2400 1274 2436 Nonnianae''
1338 2410 1403 2436 nec
1450 2400 1599 2437 dubium
1632 2403 1701 2444 est,

205 2459 295 2506 quin
318 2459 495 2495 mirabilis
517 2460 592 2496 fere
616 2459 871 2497 vocabulorum
895 2459 1039 2505 copiae,
1061 2468 1153 2505 quae
1176 2426 1399 2505 superiorum
1421 2460 1610 2507 poetarum
1633 2470 1703 2495 usu

204 2519 359 2564 probata
382 2529 455 2554 non
480 2519 584 2560 sunt,
618 2529 704 2565 pars
729 2517 824 2554 bona
849 2509 921 2563 ipsi
953 2518 1074 2563 epico
1085 2517 1309 2564 iniungenda
1338 2517 1398 2556 sit
1539 2518 1576 2563 2)
1602 2518 1701 2562 Quae

207 2576 303 2622 apud
338 2576 455 2613 solum
484 2575 695 2622 Euripidem
726 2577 925 2622 apparent,
973 2575 1130 2621 simplici
1167 2575 1338 2611 asterisco
1373 2574 1566 2622 insignivi,
1609 2585 1701 2622 quae

205 2634 302 2680 apud
323 2635 539 2680 posteriores
566 2633 726 2670 duobus:
762 2633 909 2670 incertis
945 2632 1160 2679 quibusdam
1189 2633 1243 2669 nil
1276 2632 1410 2669 addidi.
1467 2633 1511 2668 In
1546 2633 1701 2670 citandis

204 2704 372 2729 versuum
398 2693 557 2730 numeris
581 2694 744 2729 secutus
751 2703 830 2728 sum
851 2692 1029 2728 editiones
1038 2691 1269 2728 Nauckianas
1295 2693 1372 2728 tam
1390 2676 1621 2762 integrarum
1644 2691 1700 2728 fa-

203 2753 370 2788 bularum
396 2761 503 2796 quam
525 2751 820 2796 fragmentorum
