<?xml version="1.0" encoding="UTF-8"?>
<!DOCTYPE html PUBLIC "-//W3C//DTD XHTML 1.0 Transitional//EN"
    "http://www.w3.org/TR/xhtml1/DTD/xhtml1-transitional.dtd">
<html xmlns="http://www.w3.org/1999/xhtml" xml:lang="en" lang="en">
 <head>
  <title>
</title>
<meta http-equiv="Content-Type" content="text/html;charset=utf-8" />
  <meta name='ocr-system' content='tesseract 3.04.00' />
  <meta name='ocr-capabilities' content='ocr_page ocr_carea ocr_par ocr_line ocrx_word'/>
</head>
<body>
  <div class='ocr_page' id='page_1' title='image "4738124_0032.png"; bbox 0 0 1857 3133; ppageno 0'>
   <div class='ocr_carea' id='block_1_1' title="bbox 197 104 252 144">
    <p class='ocr_par' dir='ltr' id='par_1_1' title="bbox 197 104 252 144">
     <span class='ocr_line' id='line_1_1' title="bbox 197 104 252 144; baseline -0.018 0"><span class='ocrx_word' id='word_1_1' title='bbox 197 104 252 144; x_wconf 82' lang='lat'><strong>24</strong></span> 
     </span>
    </p>
   </div>
   <div class='ocr_carea' id='block_1_2' title="bbox 174 215 1691 2716">
    <p class='ocr_par' dir='ltr' id='par_1_2' title="bbox 174 215 1687 1664">
     <span class='ocr_line' id='line_1_2' title="bbox 192 215 1684 270; baseline 0.001 -10"><span class='ocrx_word' id='word_1_2' title='bbox 192 220 277 261; x_wconf 92' lang='lat' dir='ltr'><strong>Ion.</strong></span> <span class='ocrx_word' id='word_1_3' title='bbox 306 220 442 268; x_wconf 83' lang='lat'>1206,</span> <span class='ocrx_word' id='word_1_4' title='bbox 473 219 600 268; x_wconf 80' lang='grc'><strong>1217,</strong></span> <span class='ocrx_word' id='word_1_5' title='bbox 636 216 767 258; x_wconf 78' lang='lat' dir='ltr'><strong>Nonn.</strong></span> <span class='ocrx_word' id='word_1_6' title='bbox 796 216 882 258; x_wconf 87' lang='lat' dir='ltr'><strong>Ioh.</strong></span> <span class='ocrx_word' id='word_1_7' title='bbox 909 215 993 268; x_wconf 90' lang='lat' dir='ltr'><strong>VI,</strong></span> <span class='ocrx_word' id='word_1_8' title='bbox 1024 218 1102 269; x_wconf 80' lang='lat'><strong>54,</strong></span> <span class='ocrx_word' id='word_1_9' title='bbox 1139 216 1306 267; x_wconf 79' lang='lat' dir='ltr'><strong>Anthol.</strong></span> <span class='ocrx_word' id='word_1_10' title='bbox 1337 216 1431 260; x_wconf 57' lang='lat' dir='ltr'><strong>Pan</strong></span> <span class='ocrx_word' id='word_1_11' title='bbox 1451 217 1556 270; x_wconf 88' lang='lat' dir='ltr'>VII,</span> <span class='ocrx_word' id='word_1_12' title='bbox 1584 219 1684 269; x_wconf 70' lang='lat'><strong>241,</strong></span> 
     </span>
     <span class='ocr_line' id='line_1_3' title="bbox 192 282 1683 344; baseline 0 -14"><span class='ocrx_word' id='word_1_13' title='bbox 192 282 489 342; x_wconf 71' lang='grc' dir='ltr'><strong><em>συνθοινάτωρ</em></strong></span> <span class='ocrx_word' id='word_1_14' title='bbox 514 286 540 312; x_wconf 85' lang='grc'>*</span> <span class='ocrx_word' id='word_1_15' title='bbox 561 285 625 327; x_wconf 88' lang='lat' dir='ltr'><strong>El.</strong></span> <span class='ocrx_word' id='word_1_16' title='bbox 659 288 767 336; x_wconf 84' lang='grc'><strong>638,</strong></span> <span class='ocrx_word' id='word_1_17' title='bbox 796 283 1092 344; x_wconf 74' lang='grc' dir='ltr'><strong><em>προγεννὴτωρ</em></strong></span> <span class='ocrx_word' id='word_1_18' title='bbox 1119 287 1143 314; x_wconf 77' lang='grc'>*</span> <span class='ocrx_word' id='word_1_19' title='bbox 1167 285 1291 341; x_wconf 80' lang='lat' dir='ltr'><strong>Hipp.</strong></span> <span class='ocrx_word' id='word_1_20' title='bbox 1303 286 1437 331; x_wconf 63' lang='lat'><strong>1&#39;1380</strong></span> <span class='ocrx_word' id='word_1_21' title='bbox 1463 298 1532 339; x_wconf 70' lang='grc'><strong>0.,</strong></span> <span class='ocrx_word' id='word_1_22' title='bbox 1559 283 1683 330; x_wconf 53' lang='lat' dir='ltr'><strong>amia</strong></span> 
     </span>
     <span class='ocr_line' id='line_1_4' title="bbox 191 344 1683 412; baseline -0.001 -12"><span class='ocrx_word' id='word_1_23' title='bbox 191 369 308 412; x_wconf 81' lang='grc' dir='ltr'><strong><em>στωρ</em></strong></span> <span class='ocrx_word' id='word_1_24' title='bbox 336 356 361 383; x_wconf 78' lang='lat'><strong>*</strong></span> <span class='ocrx_word' id='word_1_25' title='bbox 386 355 475 411; x_wconf 85' lang='lat' dir='ltr'><strong>Iph.</strong></span> <span class='ocrx_word' id='word_1_26' title='bbox 504 354 555 397; x_wconf 67' lang='lat' dir='ltr'><strong>A„</strong></span> <span class='ocrx_word' id='word_1_27' title='bbox 581 358 672 397; x_wconf 59' lang='grc'><strong>»280</strong></span> <span class='ocrx_word' id='word_1_28' title='bbox 700 367 733 396; x_wconf 85' lang='lat' dir='ltr'><strong>e.</strong></span> <span class='ocrx_word' id='word_1_29' title='bbox 762 354 820 407; x_wconf 81' lang='lat' dir='ltr'><strong>(in&#39;</strong></span> <span class='ocrx_word' id='word_1_30' title='bbox 859 355 949 398; x_wconf 83' lang='lat' dir='ltr'><strong>loeo</strong></span> <span class='ocrx_word' id='word_1_31' title='bbox 986 344 1265 410; x_wconf 40' lang='lat' dir='ltr'><strong>adulterium(</strong></span> <span class='ocrx_word' id='word_1_32' title='bbox 1304 354 1502 398; x_wconf 76' lang='lat' dir='ltr'><strong>Ceterum</strong></span> <span class='ocrx_word' id='word_1_33' title='bbox 1538 369 1683 398; x_wconf 84' lang='lat' dir='ltr'><strong>moneo</strong></span> 
     </span>
     <span class='ocr_line' id='line_1_5' title="bbox 190 425 1687 482; baseline -0.001 -14"><span class='ocrx_word' id='word_1_34' title='bbox 190 427 312 468; x_wconf 88' lang='lat' dir='ltr'><strong>huius</strong></span> <span class='ocrx_word' id='word_1_35' title='bbox 340 425 479 468; x_wconf 79' lang='lat' dir='ltr'><strong>suffixi</strong></span> <span class='ocrx_word' id='word_1_36' title='bbox 506 425 667 467; x_wconf 82' lang='lat' dir='ltr'><strong>omnino</strong></span> <span class='ocrx_word' id='word_1_37' title='bbox 690 426 845 480; x_wconf 72' lang='lat' dir='ltr'><strong>&#39;viginti</strong></span> <span class='ocrx_word' id='word_1_38' title='bbox 874 427 1036 468; x_wconf 83' lang='lat' dir='ltr'><strong>eireiter</strong></span> <span class='ocrx_word' id='word_1_39' title='bbox 1060 427 1104 468; x_wconf 89' lang='lat' dir='ltr'><strong>in</strong></span> <span class='ocrx_word' id='word_1_40' title='bbox 1131 426 1336 482; x_wconf 77' lang='lat' dir='ltr'>Euripidis</span> <span class='ocrx_word' id='word_1_41' title='bbox 1364 426 1513 467; x_wconf 80' lang='lat' dir='ltr'><strong>fabulis</strong></span> <span class='ocrx_word' id='word_1_42' title='bbox 1544 439 1687 468; x_wconf 81' lang='lat' dir='ltr'><strong>exem--</strong></span> 
     </span>
     <span class='ocr_line' id='line_1_6' title="bbox 190 495 1681 557; baseline -0.001 -19"><span class='ocrx_word' id='word_1_43' title='bbox 190 498 259 552; x_wconf 88' lang='lat' dir='ltr'><strong>pla</strong></span> <span class='ocrx_word' id='word_1_44' title='bbox 287 498 466 538; x_wconf 82' lang='lat' dir='ltr'><strong>exstare.</strong></span> <span class='ocrx_word' id='word_1_45' title='bbox 492 518 553 526; x_wconf 92' lang='lat'><strong>—-</strong></span> <span class='ocrx_word' id='word_1_46' title='bbox 611 495 770 538; x_wconf 84' lang='lat' dir='ltr'><strong>Verum</strong></span> <span class='ocrx_word' id='word_1_47' title='bbox 785 503 788 505; x_wconf 78' lang='grc'><strong>’</strong></span> <span class='ocrx_word' id='word_1_48' title='bbox 801 497 1048 551; x_wconf 73' lang='lat' dir='ltr'><strong>syllabarum</strong></span> <span class='ocrx_word' id='word_1_49' title='bbox 1075 497 1149 555; x_wconf 64' lang='grc' dir='ltr'><strong>ἶηᾞ</strong></span> <span class='ocrx_word' id='word_1_50' title='bbox 1178 499 1223 538; x_wconf 91' lang='lat' dir='ltr'><strong>et</strong></span> <span class='ocrx_word' id='word_1_51' title='bbox 1245 498 1318 557; x_wconf 63' lang='grc' dir='ltr'><strong>ςῖρ</strong></span> <span class='ocrx_word' id='word_1_52' title='bbox 1346 508 1558 538; x_wconf 80' lang='lat' dir='ltr'><strong>usus-non</strong></span> <span class='ocrx_word' id='word_1_53' title='bbox 1588 508 1681 538; x_wconf 87' lang='lat' dir='ltr'><strong>raro</strong></span> 
     </span>
     <span class='ocr_line' id='line_1_7' title="bbox 190 565 1683 620; baseline 0 -13"><span class='ocrx_word' id='word_1_54' title='bbox 190 566 393 607; x_wconf 80' lang='lat' dir='ltr'><strong>cancellos</strong></span> <span class='ocrx_word' id='word_1_55' title='bbox 420 565 632 620; x_wconf 80' lang='lat' dir='ltr'><strong>egreditur</strong></span> <span class='ocrx_word' id='word_1_56' title='bbox 662 567 706 608; x_wconf 86' lang='lat' dir='ltr'><strong>et</strong></span> <span class='ocrx_word' id='word_1_57' title='bbox 730 565 782 607; x_wconf 88' lang='lat' dir='ltr'><strong>ad</strong></span> <span class='ocrx_word' id='word_1_58' title='bbox 807 580 875 608; x_wconf 89' lang='lat' dir='ltr'><strong>res</strong></span> <span class='ocrx_word' id='word_1_59' title='bbox 904 567 1027 607; x_wconf 85' lang='lat' dir='ltr'><strong>etiam</strong></span> <span class='ocrx_word' id='word_1_60' title='bbox 1053 565 1328 620; x_wconf 76' lang='lat' dir='ltr'><strong>designandas</strong></span> <span class='ocrx_word' id='word_1_61' title='bbox 1356 565 1503 608; x_wconf 87' lang='lat' dir='ltr'><strong>transit</strong></span> <span class='ocrx_word' id='word_1_62' title='bbox 1530 566 1683 617; x_wconf 73' lang='lat' dir='ltr'><strong>(exem-</strong></span> 
     </span>
     <span class='ocr_line' id='line_1_8' title="bbox 190 634 1682 690; baseline 0.001 -15"><span class='ocrx_word' id='word_1_63' title='bbox 190 636 260 689; x_wconf 85' lang='lat' dir='ltr'><strong>pla</strong></span> <span class='ocrx_word' id='word_1_64' title='bbox 283 636 366 677; x_wconf 74' lang='lat' dir='ltr'><strong>vid.</strong></span> <span class='ocrx_word' id='word_1_65' title='bbox 394 648 459 690; x_wconf 82' lang='lat' dir='ltr'><strong>ap.</strong></span> <span class='ocrx_word' id='word_1_66' title='bbox 491 634 678 677; x_wconf 76' lang='lat' dir='ltr'><strong>Curtium</strong></span> <span class='ocrx_word' id='word_1_67' title='bbox 705 636 732 677; x_wconf 85' lang='lat'><strong>1.</strong></span> <span class='ocrx_word' id='word_1_68' title='bbox 762 650 796 677; x_wconf 84' lang='lat' dir='ltr'><strong>c.</strong></span> <span class='ocrx_word' id='word_1_69' title='bbox 824 650 863 690; x_wconf 90' lang='lat' dir='ltr'><strong>p.</strong></span> <span class='ocrx_word' id='word_1_70' title='bbox 892 637 987 685; x_wconf 82' lang='lat'><strong>34.).</strong></span> <span class='ocrx_word' id='word_1_71' title='bbox 1044 634 1096 675; x_wconf 88' lang='lat' dir='ltr'><strong>In</strong></span> <span class='ocrx_word' id='word_1_72' title='bbox 1122 635 1321 677; x_wconf 82' lang='lat' dir='ltr'><strong>his-aetio</strong></span> <span class='ocrx_word' id='word_1_73' title='bbox 1357 650 1439 678; x_wconf 90' lang='lat' dir='ltr'><strong>non</strong></span> <span class='ocrx_word' id='word_1_74' title='bbox 1470 635 1570 687; x_wconf 91' lang='lat' dir='ltr'><strong>erit,</strong></span> <span class='ocrx_word' id='word_1_75' title='bbox 1603 635 1682 676; x_wconf 84' lang='lat' dir='ltr'><strong>nisi</strong></span> 
     </span>
     <span class='ocr_line' id='line_1_9' title="bbox 193 702 1681 760; baseline 0.001 -14"><span class='ocrx_word' id='word_1_76' title='bbox 193 717 316 759; x_wconf 86' lang='lat' dir='ltr'><strong>quam</strong></span> <span class='ocrx_word' id='word_1_77' title='bbox 343 705 604 746; x_wconf 72' lang='lat' dir='ltr'><strong>instrumenti</strong></span> <span class='ocrx_word' id='word_1_78' title='bbox 638 705 834 760; x_wconf 77' lang='lat' dir='ltr'><strong>posueris.</strong></span> <span class='ocrx_word' id='word_1_79' title='bbox 908 703 1000 751; x_wconf 84' lang='lat' dir='ltr'><strong>Quo</strong></span> <span class='ocrx_word' id='word_1_80' title='bbox 1039 702 1343 759; x_wconf 76' lang='lat' dir='ltr'><strong>significationis</strong></span> <span class='ocrx_word' id='word_1_81' title='bbox 1383 705 1560 747; x_wconf 77' lang='lat' dir='ltr'><strong>transitu</strong></span> <span class='ocrx_word' id='word_1_82' title='bbox 1592 707 1681 747; x_wconf 86' lang='lat' dir='ltr'><strong>tan·</strong></span> 
     </span>
     <span class='ocr_line' id='line_1_10' title="bbox 193 773 1682 853; baseline -0.001 -36"><span class='ocrx_word' id='word_1_83' title='bbox 193 788 314 853; x_wconf 51' lang='lat' dir='ltr'><strong>quam</strong></span> <span class='ocrx_word' id='word_1_84' title='bbox 340 778 581 829; x_wconf 84' lang='lat' dir='ltr'><strong>arg-umento</strong></span> <span class='ocrx_word' id='word_1_85' title='bbox 609 775 738 816; x_wconf 82' lang='lat' dir='ltr'><strong>utaris</strong></span> <span class='ocrx_word' id='word_1_86' title='bbox 766 787 847 815; x_wconf 90' lang='lat' dir='ltr'><strong>non</strong></span> <span class='ocrx_word' id='word_1_87' title='bbox 877 773 1019 815; x_wconf 83' lang='lat' dir='ltr'><strong>eadem</strong></span> <span class='ocrx_word' id='word_1_88' title='bbox 1048 774 1109 826; x_wconf 87' lang='lat' dir='ltr'><strong>ei,</strong></span> <span class='ocrx_word' id='word_1_89' title='bbox 1145 774 1215 827; x_wconf 86' lang='lat' dir='ltr'><strong>qui</strong></span> <span class='ocrx_word' id='word_1_90' title='bbox 1244 776 1391 830; x_wconf 89' lang='lat' dir='ltr'><strong>suopte</strong></span> <span class='ocrx_word' id='word_1_91' title='bbox 1417 774 1582 828; x_wconf 79' lang='lat' dir='ltr'><strong>ingenio</strong></span> <span class='ocrx_word' id='word_1_92' title='bbox 1614 787 1682 816; x_wconf 84' lang='lat' dir='ltr'><strong>vo-</strong></span> 
     </span>
     <span class='ocr_line' id='line_1_11' title="bbox 192 843 1683 898; baseline -0.001 -12"><span class='ocrx_word' id='word_1_93' title='bbox 192 845 337 886; x_wconf 83' lang='lat' dir='ltr'><strong>eabula</strong></span> <span class='ocrx_word' id='word_1_94' title='bbox 372 845 523 898; x_wconf 65' lang='lat' dir='ltr'><strong>fingat,</strong></span> <span class='ocrx_word' id='word_1_95' title='bbox 558 845 688 886; x_wconf 78' lang='lat' dir='ltr'><strong>licere</strong></span> <span class='ocrx_word' id='word_1_96' title='bbox 722 846 845 898; x_wconf 84' lang='lat' dir='ltr'><strong>atque</strong></span> <span class='ocrx_word' id='word_1_97' title='bbox 878 843 1044 897; x_wconf 85' lang='lat' dir='ltr'><strong>linguae</strong></span> <span class='ocrx_word' id='word_1_98' title='bbox 1084 844 1197 885; x_wconf 90' lang='lat' dir='ltr'><strong>usui:</strong></span> <span class='ocrx_word' id='word_1_99' title='bbox 1235 857 1331 886; x_wconf 88' lang='lat' dir='ltr'><strong>nam</strong></span> <span class='ocrx_word' id='word_1_100' title='bbox 1368 858 1448 898; x_wconf 85' lang='lat' dir='ltr'><strong>quo</strong></span> <span class='ocrx_word' id='word_1_101' title='bbox 1490 844 1683 886; x_wconf 83' lang='lat' dir='ltr'><strong>o&#39;ertiores</strong></span> 
     </span>
     <span class='ocr_line' id='line_1_12' title="bbox 190 913 1682 969; baseline 0 -14"><span class='ocrx_word' id='word_1_102' title='bbox 190 926 348 967; x_wconf 88' lang='lat' dir='ltr'><strong>rerum,</strong></span> <span class='ocrx_word' id='word_1_103' title='bbox 388 925 492 969; x_wconf 87' lang='lat' dir='ltr'><strong>quae</strong></span> <span class='ocrx_word' id='word_1_104' title='bbox 528 914 656 955; x_wconf 84' lang='lat' dir='ltr'><strong>oculis</strong></span> <span class='ocrx_word' id='word_1_105' title='bbox 688 915 931 964; x_wconf 81' lang='lat' dir='ltr'><strong>cernuntur,</strong></span> <span class='ocrx_word' id='word_1_106' title='bbox 967 913 1167 967; x_wconf 82' lang='lat' dir='ltr'><strong>imag-ines</strong></span> <span class='ocrx_word' id='word_1_107' title='bbox 1204 914 1332 956; x_wconf 84' lang='lat' dir='ltr'><strong>oeulis</strong></span> <span class='ocrx_word' id='word_1_108' title='bbox 1361 914 1594 966; x_wconf 72' lang='lat' dir='ltr'><strong>inhaerent,</strong></span> <span class='ocrx_word' id='word_1_109' title='bbox 1633 922 1682 955; x_wconf 88' lang='lat' dir='ltr'><strong>eo</strong></span> 
     </span>
     <span class='ocr_line' id='line_1_13' title="bbox 174 978 1685 1042; baseline 0.001 -18"><span class='ocrx_word' id='word_1_110' title='bbox 174 978 309 1037; x_wconf 73' lang='lat' dir='ltr'><strong>&#39;quasi</strong></span> <span class='ocrx_word' id='word_1_111' title='bbox 343 983 571 1025; x_wconf 72' lang='lat' dir='ltr'><strong>stabiliores</strong></span> <span class='ocrx_word' id='word_1_112' title='bbox 598 983 892 1039; x_wconf 74' lang='lat' dir='ltr'><strong>appellationes</strong></span> <span class='ocrx_word' id='word_1_113' title='bbox 921 986 1018 1025; x_wconf 86' lang='lat' dir='ltr'><strong>sunt</strong></span> <span class='ocrx_word' id='word_1_114' title='bbox 1043 997 1172 1039; x_wconf 85' lang='lat' dir='ltr'><strong>eoque</strong></span> <span class='ocrx_word' id='word_1_115' title='bbox 1195 985 1359 1027; x_wconf 86' lang='lat' dir='ltr'><strong>maioris</strong></span> <span class='ocrx_word' id='word_1_116' title='bbox 1388 983 1579 1042; x_wconf 74' lang='lat' dir='ltr'><strong>audaciae</strong></span> <span class='ocrx_word' id='word_1_117' title='bbox 1607 986 1685 1035; x_wconf 86' lang='lat' dir='ltr'><strong>est,</strong></span> 
     </span>
     <span class='ocr_line' id='line_1_14' title="bbox 193 1053 1683 1108; baseline 0.001 -14"><span class='ocrx_word' id='word_1_118' title='bbox 193 1053 229 1094; x_wconf 82' lang='lat' dir='ltr'><strong>si</strong></span> <span class='ocrx_word' id='word_1_119' title='bbox 256 1054 346 1108; x_wconf 89' lang='lat' dir='ltr'><strong>quis</strong></span> <span class='ocrx_word' id='word_1_120' title='bbox 364 1054 560 1095; x_wconf 80' lang='lat' dir='ltr'><strong>vocabulo</strong></span> <span class='ocrx_word' id='word_1_121' title='bbox 592 1066 617 1095; x_wconf 90' lang='lat' dir='ltr'><strong>a</strong></span> <span class='ocrx_word' id='word_1_122' title='bbox 634 1067 679 1095; x_wconf 88' lang='lat' dir='ltr'><strong>se</strong></span> <span class='ocrx_word' id='word_1_123' title='bbox 700 1054 932 1107; x_wconf 76' lang='lat' dir='ltr'><strong>excogitato</strong></span> <span class='ocrx_word' id='word_1_124' title='bbox 958 1067 1026 1094; x_wconf 84' lang='lat' dir='ltr'><strong>res</strong></span> <span class='ocrx_word' id='word_1_125' title='bbox 1044 1054 1136 1095; x_wconf 83' lang='lat' dir='ltr'><strong>illas</strong></span> <span class='ocrx_word' id='word_1_126' title='bbox 1156 1054 1335 1107; x_wconf 75' lang='lat' dir='ltr'><strong>insignit.</strong></span> <span class='ocrx_word' id='word_1_127' title='bbox 1376 1055 1514 1102; x_wconf 77' lang='lat' dir='ltr'><strong>Quare</strong></span> <span class='ocrx_word' id='word_1_128' title='bbox 1531 1054 1683 1105; x_wconf 81' lang='lat' dir='ltr'><strong>dubito,</strong></span> 
     </span>
     <span class='ocr_line' id='line_1_15' title="bbox 191 1119 1683 1180; baseline 0.001 -17"><span class='ocrx_word' id='word_1_129' title='bbox 191 1135 289 1163; x_wconf 91' lang='lat' dir='ltr'><strong>num</strong></span> <span class='ocrx_word' id='word_1_130' title='bbox 306 1121 526 1177; x_wconf 83' lang='lat' dir='ltr'><strong>Euripides</strong></span> <span class='ocrx_word' id='word_1_131' title='bbox 546 1135 600 1163; x_wconf 85' lang='lat' dir='ltr'><strong>ex</strong></span> <span class='ocrx_word' id='word_1_132' title='bbox 618 1122 855 1180; x_wconf 63' lang='lat' dir='ltr'><strong>inventione·</strong></span> <span class='ocrx_word' id='word_1_133' title='bbox 871 1134 948 1162; x_wconf 80' lang='lat' dir='ltr'><strong>sua</strong></span> <span class='ocrx_word' id='word_1_134' title='bbox 968 1122 1118 1163; x_wconf 83' lang='lat' dir='ltr'><strong>dixerit</strong></span> <span class='ocrx_word' id='word_1_135' title='bbox 1136 1119 1278 1179; x_wconf 68' lang='grc' dir='ltr'><strong><em>ποεήρ</em></strong></span> <span class='ocrx_word' id='word_1_136' title='bbox 1298 1122 1322 1149; x_wconf 78' lang='lat'><strong>²⁸</strong></span> <span class='ocrx_word' id='word_1_137' title='bbox 1341 1122 1430 1165; x_wconf 81' lang='lat' dir='ltr'><strong>Ale.</strong></span> <span class='ocrx_word' id='word_1_138' title='bbox 1447 1126 1471 1164; x_wconf 90' lang='grc'><strong>7</strong></span> <span class='ocrx_word' id='word_1_139' title='bbox 1475 1124 1542 1175; x_wconf 82' lang='grc'><strong>56,</strong></span> <span class='ocrx_word' id='word_1_140' title='bbox 1569 1122 1683 1177; x_wconf 75' lang='lat' dir='ltr'><strong>eycl.</strong></span> 
     </span>
     <span class='ocr_line' id='line_1_16' title="bbox 193 1187 1683 1249; baseline 0.001 -17"><span class='ocrx_word' id='word_1_141' title='bbox 193 1194 274 1232; x_wconf 87' lang='lat'><strong>151</strong></span> <span class='ocrx_word' id='word_1_142' title='bbox 308 1192 506 1246; x_wconf 83' lang='lat' dir='ltr'><strong>(Hesyoh.</strong></span> <span class='ocrx_word' id='word_1_143' title='bbox 533 1187 695 1246; x_wconf 80' lang='grc' dir='ltr'><strong><em>μέτρον</em></strong></span> <span class='ocrx_word' id='word_1_144' title='bbox 718 1187 864 1244; x_wconf 85' lang='grc' dir='ltr'><strong><em>ποιόν)</em></strong></span> <span class='ocrx_word' id='word_1_145' title='bbox 900 1192 1097 1249; x_wconf 71' lang='lat' dir='ltr'><strong>poculum</strong></span> <span class='ocrx_word' id='word_1_146' title='bbox 1122 1204 1205 1233; x_wconf 89' lang='lat' dir='ltr'><strong>non</strong></span> <span class='ocrx_word' id='word_1_147' title='bbox 1230 1193 1466 1247; x_wconf 64' lang='lat' dir='ltr'><strong>potatorem.</strong></span> <span class='ocrx_word' id='word_1_148' title='bbox 1522 1191 1580 1234; x_wconf 81' lang='lat' dir='ltr'><strong>Ut</strong></span> <span class='ocrx_word' id='word_1_149' title='bbox 1608 1192 1683 1245; x_wconf 76' lang='lat' dir='ltr'><strong>igi-</strong></span> 
     </span>
     <span class='ocr_line' id='line_1_17' title="bbox 190 1259 1686 1318; baseline 0.001 -16"><span class='ocrx_word' id='word_1_150' title='bbox 190 1262 260 1302; x_wconf 86' lang='lat' dir='ltr'><strong>tur</strong></span> <span class='ocrx_word' id='word_1_151' title='bbox 293 1260 586 1315; x_wconf 82' lang='lat' dir='ltr'><strong>significatione</strong></span> <span class='ocrx_word' id='word_1_152' title='bbox 614 1261 767 1303; x_wconf 83' lang='lat' dir='ltr'><strong>distant</strong></span> <span class='ocrx_word' id='word_1_153' title='bbox 793 1259 961 1312; x_wconf 87' lang='lat' dir='ltr'><strong>suffixa,</strong></span> <span class='ocrx_word' id='word_1_154' title='bbox 986 1261 1045 1302; x_wconf 86' lang='lat' dir='ltr'><strong>ita</strong></span> <span class='ocrx_word' id='word_1_155' title='bbox 1071 1260 1329 1313; x_wconf 79' lang='lat' dir='ltr'><strong>formatione,</strong></span> <span class='ocrx_word' id='word_1_156' title='bbox 1357 1261 1394 1303; x_wconf 88' lang='lat' dir='ltr'><strong>si</strong></span> <span class='ocrx_word' id='word_1_157' title='bbox 1423 1261 1584 1318; x_wconf 78' lang='lat' dir='ltr'><strong>quidem</strong></span> <span class='ocrx_word' id='word_1_158' title='bbox 1612 1264 1686 1315; x_wconf 55' lang='grc' dir='ltr'><strong>εἷς,</strong></span> 
     </span>
     <span class='ocr_line' id='line_1_18' title="bbox 191 1330 1685 1390; baseline 0.001 -18"><span class='ocrx_word' id='word_1_159' title='bbox 191 1331 275 1384; x_wconf 53' lang='grc' dir='ltr'><strong>ἦ,</strong></span> <span class='ocrx_word' id='word_1_160' title='bbox 301 1334 376 1390; x_wconf 58' lang='grc' dir='ltr'><strong>ῗηξ</strong></span> <span class='ocrx_word' id='word_1_161' title='bbox 395 1332 690 1373; x_wconf 78' lang='lat' dir='ltr'><strong>adhaerescunt</strong></span> <span class='ocrx_word' id='word_1_162' title='bbox 721 1331 843 1372; x_wconf 85' lang='lat' dir='ltr'><strong>etiam</strong></span> <span class='ocrx_word' id='word_1_163' title='bbox 870 1331 1097 1374; x_wconf 82' lang='lat' dir='ltr'><strong>nominibus</strong></span> <span class='ocrx_word' id='word_1_164' title='bbox 1124 1334 1172 1372; x_wconf 86' lang='lat' dir='ltr'><strong>ut</strong></span> <span class='ocrx_word' id='word_1_165' title='bbox 1199 1334 1340 1385; x_wconf 84' lang='lat' dir='ltr'><strong>aperte</strong></span> <span class='ocrx_word' id='word_1_166' title='bbox 1369 1332 1412 1372; x_wconf 88' lang='lat' dir='ltr'><strong>in</strong></span> <span class='ocrx_word' id='word_1_167' title='bbox 1438 1330 1685 1387; x_wconf 77' lang='grc' dir='ltr'><strong>τραπεζεύς,</strong></span> 
     </span>
     <span class='ocr_line' id='line_1_19' title="bbox 193 1395 1685 1458; baseline 0.001 -17"><span class='ocrx_word' id='word_1_168' title='bbox 193 1395 399 1457; x_wconf 76' lang='grc' dir='ltr'><strong>πολίτης,</strong></span> <span class='ocrx_word' id='word_1_169' title='bbox 453 1395 640 1458; x_wconf 76' lang='grc' dir='ltr'><strong><em>φυλέτης</em></strong></span> <span class='ocrx_word' id='word_1_170' title='bbox 685 1402 729 1441; x_wconf 87' lang='lat' dir='ltr'><strong>et</strong></span> <span class='ocrx_word' id='word_1_171' title='bbox 776 1413 846 1441; x_wconf 80' lang='lat' dir='ltr'><strong>ex·</strong></span> <span class='ocrx_word' id='word_1_172' title='bbox 869 1397 1000 1441; x_wconf 83' lang='lat' dir='ltr'><strong>Curtii</strong></span> <span class='ocrx_word' id='word_1_173' title='bbox 1038 1400 1241 1442; x_wconf 85' lang='lat' dir='ltr'><strong>sententia</strong></span> <span class='ocrx_word' id='word_1_174' title='bbox 1286 1400 1329 1442; x_wconf 88' lang='lat' dir='ltr'><strong>in</strong></span> <span class='ocrx_word' id='word_1_175' title='bbox 1369 1395 1567 1458; x_wconf 77' lang='grc' dir='ltr'><strong><em>ἇγρσεήρ.</em></strong></span> <span class='ocrx_word' id='word_1_176' title='bbox 1619 1401 1685 1443; x_wconf 90' lang='lat' dir='ltr'><strong>.In</strong></span> 
     </span>
     <span class='ocr_line' id='line_1_20' title="bbox 191 1463 1685 1527; baseline 0.001 -17"><span class='ocrx_word' id='word_1_177' title='bbox 191 1469 388 1524; x_wconf 86' lang='lat' dir='ltr'><strong>Euripide</strong></span> <span class='ocrx_word' id='word_1_178' title='bbox 413 1470 499 1525; x_wconf 79' lang='lat' dir='ltr'><strong>legi</strong></span> <span class='ocrx_word' id='word_1_179' title='bbox 526 1465 759 1527; x_wconf 82' lang='grc' dir='ltr'><strong><em>ποιμνίτης</em></strong></span> <span class='ocrx_word' id='word_1_180' title='bbox 789 1469 838 1495; x_wconf 78' lang='grc'><strong>**</strong></span> <span class='ocrx_word' id='word_1_181' title='bbox 866 1463 1068 1524; x_wconf 77' lang='grc' dir='ltr'><strong><em>ὑμέναιος</em></strong></span> <span class='ocrx_word' id='word_1_182' title='bbox 1093 1470 1245 1512; x_wconf 84' lang='lat' dir='ltr'><strong>Alcest.</strong></span> <span class='ocrx_word' id='word_1_183' title='bbox 1275 1474 1361 1512; x_wconf 82' lang='grc'><strong>577</strong></span> <span class='ocrx_word' id='word_1_184' title='bbox 1389 1484 1444 1522; x_wconf 87' lang='lat' dir='ltr'><strong>e.‚</strong></span> <span class='ocrx_word' id='word_1_185' title='bbox 1469 1470 1568 1512; x_wconf 85' lang='lat' dir='ltr'><strong>Poll.</strong></span> <span class='ocrx_word' id='word_1_186' title='bbox 1588 1471 1685 1523; x_wconf 81' lang='lat' dir='ltr'><strong>Vn,</strong></span> 
     </span>
     <span class='ocr_line' id='line_1_21' title="bbox 195 1539 1687 1595; baseline 0.001 -14"><span class='ocrx_word' id='word_1_187' title='bbox 195 1541 290 1582; x_wconf 89' lang='lat'>185.</span> <span class='ocrx_word' id='word_1_188' title='bbox 320 1540 414 1592; x_wconf 77' lang='lat' dir='ltr'><strong>(vid.</strong></span> <span class='ocrx_word' id='word_1_189' title='bbox 443 1540 619 1582; x_wconf 81' lang='lat' dir='ltr'><strong>Lobeck.</strong></span> <span class='ocrx_word' id='word_1_190' title='bbox 649 1540 753 1582; x_wconf 87' lang='lat' dir='ltr'><strong>Prol.</strong></span> <span class='ocrx_word' id='word_1_191' title='bbox 782 1540 936 1581; x_wconf 85' lang='lat' dir='ltr'><strong>Pathol.</strong></span> <span class='ocrx_word' id='word_1_192' title='bbox 956 1552 1049 1595; x_wconf 83' lang='lat' dir='ltr'><strong>pag.</strong></span> <span class='ocrx_word' id='word_1_193' title='bbox 1074 1542 1199 1591; x_wconf 87' lang='grc'><strong>375.).</strong></span> <span class='ocrx_word' id='word_1_194' title='bbox 1257 1539 1371 1582; x_wconf 78' lang='lat' dir='ltr'><strong>Haeo</strong></span> <span class='ocrx_word' id='word_1_195' title='bbox 1400 1541 1528 1595; x_wconf 82' lang='lat' dir='ltr'><strong>igitur</strong></span> <span class='ocrx_word' id='word_1_196' title='bbox 1555 1543 1687 1584; x_wconf 82' lang='lat' dir='ltr'><strong>trans-</strong></span> 
     </span>
     <span class='ocr_line' id='line_1_22' title="bbox 192 1610 558 1664; baseline 0.005 -14"><span class='ocrx_word' id='word_1_197' title='bbox 192 1610 295 1650; x_wconf 89' lang='lat' dir='ltr'><strong>itum</strong></span> <span class='ocrx_word' id='word_1_198' title='bbox 324 1612 472 1664; x_wconf 87' lang='lat' dir='ltr'><strong>parant</strong></span> <span class='ocrx_word' id='word_1_199' title='bbox 505 1611 558 1652; x_wconf 87' lang='lat' dir='ltr'><strong>ad</strong></span> 
     </span>
    </p>

    <p class='ocr_par' dir='ltr' id='par_1_3' title="bbox 193 1677 1691 2716">
     <span class='ocr_line' id='line_1_23' title="bbox 312 1677 1687 1734; baseline 0.001 -13"><span class='ocrx_word' id='word_1_200' title='bbox 312 1683 350 1721; x_wconf 81' lang='lat'><strong>2.</strong></span> <span class='ocrx_word' id='word_1_201' title='bbox 377 1680 797 1721; x_wconf 72' lang='lat' dir='ltr'><strong>Denominativa,</strong></span> <span class='ocrx_word' id='word_1_202' title='bbox 856 1677 915 1721; x_wconf 87' lang='lat' dir='ltr'><strong>Ut</strong></span> <span class='ocrx_word' id='word_1_203' title='bbox 944 1679 1208 1722; x_wconf 85' lang='lat' dir='ltr'><strong>absolvantur</strong></span> <span class='ocrx_word' id='word_1_204' title='bbox 1226 1693 1330 1734; x_wconf 87' lang='lat' dir='ltr'><strong>quae</strong></span> <span class='ocrx_word' id='word_1_205' title='bbox 1348 1680 1467 1723; x_wconf 88' lang='lat' dir='ltr'><strong>modo</strong></span> <span class='ocrx_word' id='word_1_206' title='bbox 1488 1681 1687 1733; x_wconf 78' lang='lat' dir='ltr'><strong>enarravi,</strong></span> 
     </span>
     <span class='ocr_line' id='line_1_24' title="bbox 194 1741 1688 1810; baseline 0.001 -20"><span class='ocrx_word' id='word_1_207' title='bbox 194 1750 331 1791; x_wconf 89' lang='lat' dir='ltr'><strong>statim</strong></span> <span class='ocrx_word' id='word_1_208' title='bbox 361 1750 584 1804; x_wconf 81' lang='lat' dir='ltr'><strong>procedant</strong></span> <span class='ocrx_word' id='word_1_209' title='bbox 619 1750 835 1791; x_wconf 80' lang='lat' dir='ltr'><strong>femininae</strong></span> <span class='ocrx_word' id='word_1_210' title='bbox 875 1741 1029 1810; x_wconf 57' lang='lat' dir='ltr'><strong>formae</strong></span> <span class='ocrx_word' id='word_1_211' title='bbox 1067 1762 1287 1804; x_wconf 85' lang='lat' dir='ltr'><strong>personam</strong></span> <span class='ocrx_word' id='word_1_212' title='bbox 1315 1751 1359 1808; x_wconf 80' lang='lat' dir='ltr'><strong>in</strong></span> <span class='ocrx_word' id='word_1_213' title='bbox 1387 1751 1545 1792; x_wconf 82' lang='lat' dir='ltr'><strong>actione</strong></span> <span class='ocrx_word' id='word_1_214' title='bbox 1572 1764 1688 1792; x_wconf 77' lang='lat' dir='ltr'><strong>oecu-</strong></span> 
     </span>
     <span class='ocr_line' id='line_1_25' title="bbox 193 1818 1688 1879; baseline 0.001 -18"><span class='ocrx_word' id='word_1_215' title='bbox 193 1821 333 1874; x_wconf 85' lang='lat' dir='ltr'><strong>patam</strong></span> <span class='ocrx_word' id='word_1_216' title='bbox 357 1822 547 1862; x_wconf 83' lang='lat' dir='ltr'><strong>notantes</strong></span> <span class='ocrx_word' id='word_1_217' title='bbox 576 1822 618 1861; x_wconf 92' lang='lat' dir='ltr'><strong>et</strong></span> <span class='ocrx_word' id='word_1_218' title='bbox 637 1833 670 1871; x_wconf 83' lang='lat' dir='ltr'><strong>a</strong></span> <span class='ocrx_word' id='word_1_219' title='bbox 693 1819 926 1861; x_wconf 78' lang='lat' dir='ltr'><strong>masculinis</strong></span> <span class='ocrx_word' id='word_1_220' title='bbox 956 1819 1165 1861; x_wconf 85' lang='lat' dir='ltr'><strong>deductae.</strong></span> <span class='ocrx_word' id='word_1_221' title='bbox 1211 1818 1412 1861; x_wconf 85' lang='lat' dir='ltr'><strong>Suffixum</strong></span> <span class='ocrx_word' id='word_1_222' title='bbox 1440 1822 1543 1879; x_wconf 56' lang='grc' dir='ltr'><strong>ηΤρα</strong></span> <span class='ocrx_word' id='word_1_223' title='bbox 1565 1827 1688 1876; x_wconf 84' lang='lat' dir='ltr'><strong>appa·</strong></span> 
     </span>
     <span class='ocr_line' id='line_1_26' title="bbox 193 1883 1686 1947; baseline 0.001 -17"><span class='ocrx_word' id='word_1_224' title='bbox 193 1892 259 1930; x_wconf 87' lang='lat' dir='ltr'><strong>ret</strong></span> <span class='ocrx_word' id='word_1_225' title='bbox 288 1890 330 1930; x_wconf 90' lang='lat' dir='ltr'><strong>in</strong></span> <span class='ocrx_word' id='word_1_226' title='bbox 360 1886 586 1947; x_wconf 82' lang='grc' dir='ltr'><strong><em>συλήτειρα</em></strong></span> <span class='ocrx_word' id='word_1_227' title='bbox 617 1890 640 1915; x_wconf 85' lang='lat'><strong>*</strong></span> <span class='ocrx_word' id='word_1_228' title='bbox 669 1889 789 1930; x_wconf 86' lang='lat' dir='ltr'><strong>Hero.</strong></span> <span class='ocrx_word' id='word_1_229' title='bbox 820 1890 846 1930; x_wconf 83' lang='lat' dir='ltr'><strong>f.</strong></span> <span class='ocrx_word' id='word_1_230' title='bbox 878 1891 961 1930; x_wconf 84' lang='lat'><strong>377</strong></span> <span class='ocrx_word' id='word_1_231' title='bbox 993 1902 1024 1930; x_wconf 89' lang='lat' dir='ltr'><strong>c.</strong></span> <span class='ocrx_word' id='word_1_232' title='bbox 1037 1922 1048 1942; x_wconf 89' lang='lat'>‚</span> <span class='ocrx_word' id='word_1_233' title='bbox 1079 1885 1325 1945; x_wconf 75' lang='grc' dir='ltr'><strong><em>θρέπτειρα</em></strong></span> <span class='ocrx_word' id='word_1_234' title='bbox 1350 1888 1401 1916; x_wconf 75' lang='lat'><strong>²⁸*</strong></span> <span class='ocrx_word' id='word_1_235' title='bbox 1430 1890 1574 1932; x_wconf 82' lang='lat' dir='ltr'><strong>Troad.</strong></span> <span class='ocrx_word' id='word_1_236' title='bbox 1602 1883 1686 1932; x_wconf 82' lang='grc'><strong>195</strong></span> 
     </span>
     <span class='ocr_line' id='line_1_27' title="bbox 194 1957 1689 2013; baseline 0.001 -13"><span class='ocrx_word' id='word_1_237' title='bbox 194 1973 256 2000; x_wconf 90' lang='lat' dir='ltr'><strong>an.</strong></span> <span class='ocrx_word' id='word_1_238' title='bbox 306 1959 430 2000; x_wconf 90' lang='lat' dir='ltr'><strong>Anth.</strong></span> <span class='ocrx_word' id='word_1_239' title='bbox 471 1959 555 2001; x_wconf 83' lang='lat' dir='ltr'><strong>Pal.</strong></span> <span class='ocrx_word' id='word_1_240' title='bbox 583 1960 636 2010; x_wconf 88' lang='lat' dir='ltr'><strong>V,</strong></span> <span class='ocrx_word' id='word_1_241' title='bbox 667 1961 774 2010; x_wconf 86' lang='lat'>106,</span> <span class='ocrx_word' id='word_1_242' title='bbox 821 1959 919 2012; x_wconf 84' lang='lat' dir='ltr'><strong>Lye.</strong></span> <span class='ocrx_word' id='word_1_243' title='bbox 960 1961 1096 2010; x_wconf 82' lang='lat'>1258,</span> <span class='ocrx_word' id='word_1_244' title='bbox 1146 1957 1316 2013; x_wconf 33' lang='lat' dir='ltr'><strong>Oppiani</strong></span> <span class='ocrx_word' id='word_1_245' title='bbox 1350 1959 1442 2001; x_wconf 83' lang='lat' dir='ltr'><strong>Hal.</strong></span> <span class='ocrx_word' id='word_1_246' title='bbox 1477 1959 1545 2011; x_wconf 92' lang='grc' dir='ltr'><strong>ΙΙ,</strong></span> <span class='ocrx_word' id='word_1_247' title='bbox 1591 1963 1689 2011; x_wconf 89' lang='grc'><strong>680,</strong></span> 
     </span>
     <span class='ocr_line' id='line_1_28' title="bbox 195 2025 1688 2087; baseline 0 -15"><span class='ocrx_word' id='word_1_248' title='bbox 195 2028 353 2072; x_wconf 83' lang='lat' dir='ltr'><strong>Coluth.</strong></span> <span class='ocrx_word' id='word_1_249' title='bbox 384 2030 469 2071; x_wconf 84' lang='lat'><strong>314</strong></span> <span class='ocrx_word' id='word_1_250' title='bbox 509 2030 553 2070; x_wconf 89' lang='lat' dir='ltr'><strong>et</strong></span> <span class='ocrx_word' id='word_1_251' title='bbox 586 2029 629 2069; x_wconf 91' lang='lat' dir='ltr'><strong>in</strong></span> <span class='ocrx_word' id='word_1_252' title='bbox 659 2027 810 2083; x_wconf 82' lang='lat' dir='ltr'><strong>Hymn.</strong></span> <span class='ocrx_word' id='word_1_253' title='bbox 844 2027 967 2082; x_wconf 87' lang='lat' dir='ltr'><strong>Orph.</strong></span> <span class='ocrx_word' id='word_1_254' title='bbox 1007 2027 1229 2078; x_wconf 89' lang='lat' dir='ltr'><strong>interdum;</strong></span> <span class='ocrx_word' id='word_1_255' title='bbox 1269 2025 1596 2087; x_wconf 59' lang='grc' dir='ltr'><strong><em>συγγενέτειραξ*</em></strong></span> <span class='ocrx_word' id='word_1_256' title='bbox 1624 2029 1688 2072; x_wconf 85' lang='lat' dir='ltr'><strong>El.</strong></span> 
     </span>
     <span class='ocr_line' id='line_1_29' title="bbox 198 2093 1690 2156; baseline 0.003 -16"><span class='ocrx_word' id='word_1_257' title='bbox 198 2102 281 2141; x_wconf 91' lang='grc'><strong>746</strong></span> <span class='ocrx_word' id='word_1_258' title='bbox 311 2114 363 2140; x_wconf 69' lang='grc' dir='ltr'><strong>αι</strong></span> <span class='ocrx_word' id='word_1_259' title='bbox 395 2098 574 2141; x_wconf 76' lang='grc' dir='ltr'><em>κλεινῶν</em></span> <span class='ocrx_word' id='word_1_260' title='bbox 602 2093 802 2155; x_wconf 75' lang='grc' dir='ltr'><em>ἀδελφῶν</em></span> <span class='ocrx_word' id='word_1_261' title='bbox 832 2099 883 2139; x_wconf 88' lang='lat' dir='ltr'><strong>de</strong></span> <span class='ocrx_word' id='word_1_262' title='bbox 915 2098 1265 2152; x_wconf 84' lang='lat' dir='ltr'><strong>Clytaemnestra,</strong></span> <span class='ocrx_word' id='word_1_263' title='bbox 1306 2099 1434 2153; x_wconf 83' lang='lat' dir='ltr'><strong>igitur</strong></span> <span class='ocrx_word' id='word_1_264' title='bbox 1459 2104 1690 2156; x_wconf 61' lang='grc' dir='ltr'><strong><em>οοπεαπφιιὶ</em></strong></span> 
     </span>
     <span class='ocr_line' id='line_1_30' title="bbox 193 2163 1689 2227; baseline 0.001 -15"><span class='ocrx_word' id='word_1_265' title='bbox 193 2184 358 2212; x_wconf 71' lang='lat' dir='ltr'><strong>meorum</strong></span> <span class='ocrx_word' id='word_1_266' title='bbox 395 2171 623 2213; x_wconf 73' lang='lat' dir='ltr'><strong>illus-trium</strong></span> <span class='ocrx_word' id='word_1_267' title='bbox 655 2171 839 2225; x_wconf 77' lang='lat' dir='ltr'><strong>yenitrix</strong></span> <span class='ocrx_word' id='word_1_268' title='bbox 885 2167 1088 2222; x_wconf 87' lang='lat' dir='ltr'><strong>(Heathio</strong></span> <span class='ocrx_word' id='word_1_269' title='bbox 1123 2168 1221 2210; x_wconf 85' lang='lat' dir='ltr'><strong>fuit:</strong></span> <span class='ocrx_word' id='word_1_270' title='bbox 1273 2165 1351 2211; x_wconf 75' lang='grc' dir='ltr'><strong>σῦν</strong></span> <span class='ocrx_word' id='word_1_271' title='bbox 1391 2163 1523 2213; x_wconf 78' lang='grc' dir='ltr'><strong><em>πόσει</em></strong></span> <span class='ocrx_word' id='word_1_272' title='bbox 1569 2166 1689 2227; x_wconf 80' lang='grc' dir='ltr'><strong><em>γενέ-</em></strong></span> 
     </span>
     <span class='ocr_line' id='line_1_31' title="bbox 194 2239 1691 2296; baseline 0.001 -14"><span class='ocrx_word' id='word_1_273' title='bbox 194 2243 341 2296; x_wconf 87' lang='grc' dir='ltr'><strong><em>τειρα)</em></strong></span> <span class='ocrx_word' id='word_1_274' title='bbox 380 2255 504 2294; x_wconf 90' lang='lat' dir='ltr'><strong>quum</strong></span> <span class='ocrx_word' id='word_1_275' title='bbox 544 2254 691 2281; x_wconf 88' lang='lat' dir='ltr'><strong>sensus</strong></span> <span class='ocrx_word' id='word_1_276' title='bbox 741 2240 918 2293; x_wconf 84' lang='lat' dir='ltr'><strong>flagitet:</strong></span> <span class='ocrx_word' id='word_1_277' title='bbox 977 2240 1205 2281; x_wconf 71' lang='lat' dir='ltr'><strong>illus-trium</strong></span> <span class='ocrx_word' id='word_1_278' title='bbox 1238 2239 1428 2293; x_wconf 78' lang='lat' dir='ltr'><strong>fratrum</strong></span> <span class='ocrx_word' id='word_1_279' title='bbox 1472 2254 1691 2296; x_wconf 66' lang='lat' dir='ltr'><strong>germana,-</strong></span> 
     </span>
     <span class='ocr_line' id='line_1_32' title="bbox 197 2298 1690 2367; baseline 0.001 -17"><span class='ocrx_word' id='word_1_280' title='bbox 197 2310 272 2351; x_wconf 88' lang='lat' dir='ltr'><strong>sed</strong></span> <span class='ocrx_word' id='word_1_281' title='bbox 307 2311 379 2351; x_wconf 83' lang='lat' dir='ltr'><strong>vix</strong></span> <span class='ocrx_word' id='word_1_282' title='bbox 425 2311 556 2352; x_wconf 86' lang='lat' dir='ltr'><strong>ausim</strong></span> <span class='ocrx_word' id='word_1_283' title='bbox 602 2310 836 2351; x_wconf 83' lang='lat' dir='ltr'><strong>existimare</strong></span> <span class='ocrx_word' id='word_1_284' title='bbox 882 2310 933 2350; x_wconf 90' lang='lat' dir='ltr'><strong>ab</strong></span> <span class='ocrx_word' id='word_1_285' title='bbox 972 2308 1171 2364; x_wconf 85' lang='lat' dir='ltr'><strong>Euripide</strong></span> <span class='ocrx_word' id='word_1_286' title='bbox 1221 2306 1515 2367; x_wconf 79' lang='grc' dir='ltr'><strong><em>συγγενέτειρα</em></strong></span> <span class='ocrx_word' id='word_1_287' title='bbox 1565 2298 1690 2352; x_wconf 76' lang='lat' dir='ltr'><strong>sensu</strong></span> 
     </span>
     <span class='ocr_line' id='line_1_33' title="bbox 196 2373 1690 2436; baseline 0 -15"><span class='ocrx_word' id='word_1_288' title='bbox 196 2373 422 2434; x_wconf 78' lang='grc' dir='ltr'><strong><em>σύγγονος,</em></strong></span> <span class='ocrx_word' id='word_1_289' title='bbox 463 2373 667 2436; x_wconf 77' lang='grc' dir='ltr'><strong><em>συγγενής</em></strong></span> <span class='ocrx_word' id='word_1_290' title='bbox 696 2379 918 2420; x_wconf 82' lang='lat' dir='ltr'><strong>admissum</strong></span> <span class='ocrx_word' id='word_1_291' title='bbox 956 2392 1059 2419; x_wconf 84' lang='lat' dir='ltr'><strong>esse.</strong></span> <span class='ocrx_word' id='word_1_292' title='bbox 1127 2377 1205 2420; x_wconf 78' lang='lat' dir='ltr'><strong>His</strong></span> <span class='ocrx_word' id='word_1_293' title='bbox 1242 2381 1356 2431; x_wconf 89' lang='lat' dir='ltr'><strong>sunt,</strong></span> <span class='ocrx_word' id='word_1_294' title='bbox 1397 2380 1465 2434; x_wconf 89' lang='lat' dir='ltr'><strong>qui</strong></span> <span class='ocrx_word' id='word_1_295' title='bbox 1502 2383 1690 2435; x_wconf 83' lang='lat' dir='ltr'><strong>quartum</strong></span> 
     </span>
     <span class='ocr_line' id='line_1_34' title="bbox 197 2440 1689 2506; baseline 0 -15"><span class='ocrx_word' id='word_1_296' title='bbox 197 2449 387 2491; x_wconf 79' lang='lat' dir='ltr'><strong>adiiciant</strong></span> <span class='ocrx_word' id='word_1_297' title='bbox 429 2442 655 2505; x_wconf 78' lang='grc' dir='ltr'><strong><em>ἅγρότειρα</em></strong></span> <span class='ocrx_word' id='word_1_298' title='bbox 684 2448 725 2474; x_wconf 49' lang='lat'><strong>*1</strong></span> <span class='ocrx_word' id='word_1_299' title='bbox 750 2440 856 2506; x_wconf 76' lang='grc' dir='ltr'><strong><em>αὐλή</em></strong></span> <span class='ocrx_word' id='word_1_300' title='bbox 891 2448 954 2490; x_wconf 84' lang='lat' dir='ltr'><strong>El.</strong></span> <span class='ocrx_word' id='word_1_301' title='bbox 987 2450 1072 2489; x_wconf 89' lang='grc'><strong>168</strong></span> <span class='ocrx_word' id='word_1_302' title='bbox 1102 2462 1134 2490; x_wconf 84' lang='lat' dir='ltr'><strong>c.</strong></span> <span class='ocrx_word' id='word_1_303' title='bbox 1176 2462 1230 2489; x_wconf 86' lang='lat' dir='ltr'><strong>ex</strong></span> <span class='ocrx_word' id='word_1_304' title='bbox 1273 2448 1377 2491; x_wconf 86' lang='lat' dir='ltr'><strong>Plut.</strong></span> <span class='ocrx_word' id='word_1_305' title='bbox 1402 2449 1500 2505; x_wconf 82' lang='lat' dir='ltr'><strong>Lys.</strong></span> <span class='ocrx_word' id='word_1_306' title='bbox 1533 2452 1585 2491; x_wconf 88' lang='lat'><strong>15</strong></span> <span class='ocrx_word' id='word_1_307' title='bbox 1627 2463 1689 2491; x_wconf 89' lang='lat' dir='ltr'><strong>re·</strong></span> 
     </span>
     <span class='ocr_line' id='line_1_35' title="bbox 197 2518 1691 2574; baseline 0 -13"><span class='ocrx_word' id='word_1_308' title='bbox 197 2522 360 2574; x_wconf 88' lang='lat' dir='ltr'><strong>ceptum</strong></span> <span class='ocrx_word' id='word_1_309' title='bbox 374 2552 385 2570; x_wconf 92' lang='lat'><em>,</em></span> <span class='ocrx_word' id='word_1_310' title='bbox 416 2519 524 2574; x_wconf 90' lang='lat' dir='ltr'><strong>quod</strong></span> <span class='ocrx_word' id='word_1_311' title='bbox 559 2523 607 2560; x_wconf 86' lang='lat' dir='ltr'><strong>ut</strong></span> <span class='ocrx_word' id='word_1_312' title='bbox 636 2521 801 2560; x_wconf 87' lang='lat' dir='ltr'><strong>tueatur</strong></span> <span class='ocrx_word' id='word_1_313' title='bbox 832 2518 1040 2560; x_wconf 81' lang='lat' dir='ltr'><strong>Seidlerus</strong></span> <span class='ocrx_word' id='word_1_314' title='bbox 1071 2519 1225 2560; x_wconf 84' lang='lat' dir='ltr'><strong>scilieet</strong></span> <span class='ocrx_word' id='word_1_315' title='bbox 1251 2521 1299 2562; x_wconf 89' lang='lat' dir='ltr'><strong>ut</strong></span> <span class='ocrx_word' id='word_1_316' title='bbox 1325 2532 1405 2561; x_wconf 92' lang='lat' dir='ltr'><strong>non</strong></span> <span class='ocrx_word' id='word_1_317' title='bbox 1434 2520 1485 2560; x_wconf 89' lang='lat' dir='ltr'><strong>de</strong></span> <span class='ocrx_word' id='word_1_318' title='bbox 1517 2532 1691 2574; x_wconf 85' lang='lat' dir='ltr'><strong>persona</strong></span> 
     </span>
     <span class='ocr_line' id='line_1_36' title="bbox 198 2579 1690 2646; baseline 0.001 -16"><span class='ocrx_word' id='word_1_319' title='bbox 198 2581 366 2640; x_wconf 84' lang='lat' dir='ltr'><strong>dictum,</strong></span> <span class='ocrx_word' id='word_1_320' title='bbox 404 2584 557 2645; x_wconf 82' lang='grc' dir='ltr'><strong><em>πίειρα</em></strong></span> <span class='ocrx_word' id='word_1_321' title='bbox 596 2590 640 2630; x_wconf 90' lang='lat' dir='ltr'><strong>et</strong></span> <span class='ocrx_word' id='word_1_322' title='bbox 673 2583 931 2644; x_wconf 74' lang='grc' dir='ltr'><strong><em>εὐπατέρεια</em></strong></span> <span class='ocrx_word' id='word_1_323' title='bbox 974 2579 1079 2646; x_wconf 75' lang='grc' dir='ltr'><strong><em>αὐλή</em></strong></span> <span class='ocrx_word' id='word_1_324' title='bbox 1129 2591 1173 2631; x_wconf 87' lang='lat' dir='ltr'><strong>at</strong></span> <span class='ocrx_word' id='word_1_325' title='bbox 1220 2601 1364 2644; x_wconf 87' lang='lat' dir='ltr'><strong>parum</strong></span> <span class='ocrx_word' id='word_1_326' title='bbox 1405 2590 1543 2631; x_wconf 79' lang='lat' dir='ltr'><strong>forsan</strong></span> <span class='ocrx_word' id='word_1_327' title='bbox 1578 2592 1690 2632; x_wconf 86' lang='lat' dir='ltr'><strong>recte</strong></span> 
     </span>
     <span class='ocr_line' id='line_1_37' title="bbox 198 2654 1690 2716; baseline 0.001 -16"><span class='ocrx_word' id='word_1_328' title='bbox 198 2665 411 2714; x_wconf 79' lang='lat' dir='ltr'><strong>comparat.</strong></span> <span class='ocrx_word' id='word_1_329' title='bbox 449 2684 508 2689; x_wconf 97' lang='lat'><strong>—</strong></span> <span class='ocrx_word' id='word_1_330' title='bbox 567 2661 617 2701; x_wconf 93' lang='lat' dir='ltr'><strong>In</strong></span> <span class='ocrx_word' id='word_1_331' title='bbox 651 2658 739 2716; x_wconf 53' lang='grc' dir='ltr'>ἧᾶ</span> <span class='ocrx_word' id='word_1_332' title='bbox 769 2660 849 2700; x_wconf 91' lang='lat' dir='ltr'><strong>duo</strong></span> <span class='ocrx_word' id='word_1_333' title='bbox 879 2660 1052 2699; x_wconf 86' lang='lat' dir='ltr'><strong>exeunt:</strong></span> <span class='ocrx_word' id='word_1_334' title='bbox 1092 2654 1381 2716; x_wconf 65' lang='grc' dir='ltr'><strong><em>μορφώέρια*</em></strong></span> <span class='ocrx_word' id='word_1_335' title='bbox 1419 2659 1560 2701; x_wconf 76' lang='lat' dir='ltr'><strong>Troad.</strong></span> <span class='ocrx_word' id='word_1_336' title='bbox 1583 2663 1690 2711; x_wconf 84' lang='lat'><strong>437,</strong></span> 
     </span>
    </p>
   </div>
   <div class='ocr_carea' id='block_1_3' title="bbox 200 2722 1689 2785">
    <p class='ocr_par' dir='ltr' id='par_1_4' title="bbox 200 2722 1689 2785">
     <span class='ocr_line' id='line_1_38' title="bbox 200 2722 1689 2785; baseline 0.001 -15"><span class='ocrx_word' id='word_1_337' title='bbox 200 2732 244 2770; x_wconf 88' lang='lat' dir='ltr'><strong>et</strong></span> <span class='ocrx_word' id='word_1_338' title='bbox 277 2723 563 2785; x_wconf 63' lang='grc' dir='ltr'><strong><em>πενθήτρια*</em></strong></span> <span class='ocrx_word' id='word_1_339' title='bbox 602 2729 722 2783; x_wconf 83' lang='lat' dir='ltr'><strong>Hipp.</strong></span> <span class='ocrx_word' id='word_1_340' title='bbox 754 2730 838 2770; x_wconf 85' lang='lat'><strong>805</strong></span> <span class='ocrx_word' id='word_1_341' title='bbox 868 2728 1067 2785; x_wconf 69' lang='lat' dir='ltr'><strong>praefica,-</strong></span> <span class='ocrx_word' id='word_1_342' title='bbox 1103 2729 1144 2770; x_wconf 90' lang='lat' dir='ltr'><strong>in</strong></span> <span class='ocrx_word' id='word_1_343' title='bbox 1182 2746 1254 2779; x_wconf 74' lang='grc' dir='ltr'><strong>ηςε</strong></span> <span class='ocrx_word' id='word_1_344' title='bbox 1296 2722 1562 2785; x_wconf 83' lang='grc' dir='ltr'><strong><em>προδότις**</em></strong></span> <span class='ocrx_word' id='word_1_345' title='bbox 1599 2729 1689 2775; x_wconf 86' lang='lat' dir='ltr'><strong>Hel.</strong></span> 
     </span>
    </p>
   </div>
  </div>
 </body>
</html>
