1857 3133
184 133 275 172 106

185 247 305 289 modo
333 245 535 295 cernitur,
564 256 668 299 quae
698 230 791 285 cum
814 243 1107 296 numeralibus,
1156 266 1180 287 α
1213 242 1440 298 privativo,
1480 243 1690 302 praeposi-

185 315 362 358 tionibus
395 315 533 356 iuncta
576 317 680 355 sunt.
761 313 860 368 Ipse
900 316 1039 356 autem
1082 312 1302 367 Euripides
1349 313 1518 355 'remotis
1556 307 1689 372 magss

184 386 400 440 magisque
426 385 776 431 terminationibus
806 385 999 427 obsoletis
1037 384 1285 429 recentiores
1326 371 1462 439 potius
1499 384 1692 440 frequen·

184 457 293 499 tavit
319 457 364 497 et
391 457 587 509 tanquam
614 455 881 497 introduxit
869 462 913 497 ιιι
941 455 1194 509 tragoediam
1223 454 1320 504 (etsi
1337 467 1421 496 non
1439 467 1540 496 sane
1559 456 1694 498 multa

186 526 366 569 indidem
392 525 526 579 finxit)
564 527 610 567 ut
636 547 722 579 aa,
752 545 868 581 συνη,
897 548 935 572 οι
922 549 975 577 ις,
1016 538 1187 580 quarum
1214 524 1539 567 terminatio—
1464 546 1533 575 ως
1569 539 1694 579 quam

188 609 336 651 prosae
364 597 535 639 orationi
563 597 727 650 proprie
756 597 989 645 conveniat,
1025 596 1258 649 exemplum
1277 596 1398 637 docet
1419 595 1690 650 Thucydidis:

187 665 515 708 terminationem
552 667 780 708 autem—
719 690 774 724 μα
821 667 869 708 ut
903 664 1087 720 inprimis
1115 664 1297 708 habuit
1284 679 1328 708 ιιι
1371 664 1525 710 deliciis
1540 662 1596 718 ¹),
1633 665 1693 708 ita

187 735 385 790 peculiari
432 736 607 791 quodam
656 736 823 777 artificio
870 735 932 782 ad,
969 748 1166 789 personas
1212 735 1473 776 transtulisse
1492 751 1501 757 -
1517 735 1691 778 videtur.

187 804 409 848 Praeterea
445 808 584 848 autem
621 820 745 859 quum
782 818 856 859 pro
892 805 1056 859 ingenio
1096 818 1170 846 suo
1201 805 1336 854 minus
1377 805 1420 846 id
1449 806 1618 858 ageret,
1633 806 1693 845 -ut

192 875 448 925 diversarum
474 888 614 917 rerum
641 876 851 929 insperata
880 888 927 916 ac
958 875 1185 917 desultoria
1213 875 1491 917 coniunctione
1519 874 1693 928 grandia

190 946 235 985 et
264 945 515 985 auditoribus
545 958 675 999 paene
705 945 995 999 insuperabilia
1028 946 1228 986 vocabula
1259 946 1528 999 proponeret,
1569 955 1694 998 quam

187 1014 235 1055 ut
274 1013 438 1068 singula
475 1027 578 1069 quae
620 1014 776 1056 diceret
812 1009 999 1056 accurate
1039 1014 1232 1057 limitaret
1267 1016 1309 1056 et
1346 1013 1693 1057 circumscriberet

190 1083 355 1144 (‘magis
385 1084 493 1124 enim
522 1084 678 1126 accedit
709 1085 883 1126 oratorio
914 1077 1073 1138 generi'
1106 1085 1343 1132 Quintilian.
1376 1085 1419 1125 X
1432 1116 1443 1135 ,
1476 1088 1498 1125 1
1512 1115 1524 1135 ,
1556 1087 1627 1135 68)
1648 1086 1692 1125 et

188 1156 238 1196 ut
258 1154 378 1208 quale
411 1154 587 1209 quidque
616 1157 729 1196 esset
761 1155 877 1209 quasi
906 1154 1157 1197 examinaret
1170 1153 1203 1208 ²)
1223 1176 1272 1184 —
1308 1155 1460 1196 sentias
1488 1154 1693 1197 interdum
1715 1202 1718 1205 ⁴

190 1225 375 1276 argutias
403 1227 673 1278 aucupantem
693 1226 897 1266 rhetorem
917 1228 964 1266 ut
983 1226 1025 1266 in
1055 1217 1294 1278 εὖκάματος
1313 1219 1524 1278 κάματος,
1554 1217 1692 1279 γάμος

190 1286 428 1348 δύσγαμος,
454 1310 514 1324 -2—
542 1295 777 1349 composita,
805 1308 858 1335 ex
891 1296 932 1340 ὲῖξ
962 1296 1005 1335 et
1042 1296 1108 1343 d—vg
1148 1295 1295 1336 ceteris
1334 1297 1383 1336 ut
1416 1286 1580 1336 videtur
1606 1294 1692 1335 fere

192 1363 378 1417 cupidius
409 1364 603 1418 arripuit:
642 1365 766 1405 habet
795 1365 902 1406 enim
930 1365 973 1405 in
1001 1362 1238 1405 universum
1269 1378 1343 1409 ex.
1362 1364 1431 1412 δ-υς
1468 1364 1690 1417 octoginta,

191 1445 247 1472 ex
275 1434 323 1477 ε-ΐ]
356 1435 516 1474 centum
542 1447 590 1475 ac
616 1435 807 1487 triginta,
848 1449 901 1475 ex
931 1435 1075 1488 quibus
1107 1448 1211 1488 quae
1248 1435 1300 1475 ad
1325 1433 1547 1488 Euripidis.
1572 1434 1690 1475 fabri-

192 1513 282 1543 cam
315 1502 497 1543 redirent
536 1517 661 1558 supra
698 1504 908 1545 recensui:
945 1506 1033 1546 tum
1071 1518 1170 1548 vero
1215 1505 1323 1560 quod
1355 1504 1530 1559 *simplici
1566 1490 1690 1545 verbo

192 1573 293 1614 satis
322 1574 622 1627 explanaretur,
651 1575 836 1628 praefixa
865 1575 1164 1629 praepositione
1193 1575 1459 1624 enucleatius,
1484 1575 1591 1628 quod
1610 1586 1693 1616 una

188 1642 318 1694 clare,
347 1642 389 1683 id
418 1643 608 1685 adiuncta
636 1644 766 1686 altera
795 1645 919 1695 etiam
946 1644 1093 1686 clarius
1123 1658 1251 1700 prope
1291 1643 1465 1689 dixerim
1504 1643 1691 1685 subtilius

190 1713 408 1765 expressit.
439 1710 714 1770 (ἕκπροίημι,
750 1711 1046 1770 ἕκπρόκρίνω,
1079 1710 1339 1766 ἕπεκπίνω.)
1401 1714 1519 1765 Quae
1560 1714 1610 1755 εἰ
1621 1727 1691 1755 ve·
1717 1708 1724 1710 i

190 1781 315 1835 stigia
343 1784 440 1824 sunt
480 1784 677 1825 sermonis
716 1797 740 1825 a
777 1786 935 1826 tumore
972 1784 1203 1839 Aeschyleo
1241 1784 1365 1838 longe
1404 1783 1574 1834 remoti,
1611 1796 1692 1825 non

192 1852 350 1905 pigebit
377 1853 518 1906 paucis
548 1854 805 1894 examinasse
847 1855 898 1894 de
930 1854 1074 1908 quibus
1106 1854 1225 1895 modo
1251 1854 1358 1906 dixi,
1396 1852 1693 1894 binominaliter

191 1921 417 1975 'composita
444 1936 556 1963 more
586 1923 827 1977 Aeschyleo.
888 1923 1087 1964 Nimirum
1122 1924 1222 1964 haec
1251 1923 1411 1964 nonnisi
1450 1936 1504 1963 ex
1539 1923 1693 1964 minore

190 1994 309 2046 parte
339 1992 536 2047 Aeschyli
566 1994 777 2046 ingenium
814 1994 991 2047 spirant,
1033 1984 1087 2034 ex
1115 1994 1266 2034 maiore
1308 1995 1449 2034 contra
1476 1998 1695 2048 propterea

192 2062 344 2103 cedunt
369 2062 548 2103 inventis
585 2063 851 2118 Aeschyleis‚
889 2064 994 2118 quod
1036 2077 1160 2117 quum
1197 2063 1430 2117 Aeschylus
1466 2064 1695 2117 ponderosa

196 2144 272 2171 sua
297 2145 372 2184 per
399 2145 444 2172 se
473 2133 673 2172 vocabula
701 2133 967 2173 substantivis
994 2146 1087 2173 cum
1112 2133 1281 2173 audacia
1318 2132 1550 2172 felicissima
1570 2132 1696 2185 adpo-

196 2201 287 2242 sitis
316 2203 510 2255 tanquam
548 2205 754 2256 exaugeat
794 2198 1075 2257 (μελαγχίτων
1111 2198 1222 2259 φρήν
1270 2203 1349 2243 vid.
1390 2202 1506 2243 Todt.
1552 2215 1595 2255 p.
1626 2203 1694 2252 20,

196 2266 389 2328 οἰόφρων
419 2267 580 2327 πέτρα,
624 2269 843 2329 διχόφρων
883 2269 1055 2327 πότμος
1077 2261 1144 2332 p.-
1165 2275 1258 2324 21),
1310 2271 1696 2331 Euripidisulcontra

166 2340 366 2384 ‘inventa
403 2356 485 2383 non
520 2345 605 2383 tam
655 2344 828 2384 altarum
872 2344 1225 2396 inauditarumque
1269 2332 1559 2395 cogitationum
1600 2344 1697 2382 sunt

199 2413 403 2467 plasmata
442 2425 561 2466 quam
599 2413 841 2454 usitatarum
884 2414 1059 2454 scienter
1091 2413 1313 2454 immutata.
1381 2412 1438 2453 Et
1475 2412 1533 2453 sic
1569 2411 1697 2464 igitur

201 2481 434 2535 Aeschylus
465 2484 508 2521 et
526 2481 745 2536 Euripides
775 2484 924 2537 duplici
952 2484 1071 2524 modo
1100 2483 1302 2532 differunt,
1333 2483 1507 2536 primum
1526 2482 1569 2521 in
1587 2494 1698 2522 voca-

298 2594 333 2639 1)
364 2593 528 2630 Nimium
551 2595 675 2630 tamen
699 2594 828 2631 dixerit
853 2595 953 2641 quis,
988 2594 1020 2630 si
1050 2594 1093 2630 in
1114 2593 1389 2641 Aristophaneis
1418 2592 1634 2640 quibusdam
1656 2593 1698 2627 ut

203 2650 335 2700 αἰθήρ,
361 2651 453 2698 ἐμὸν
484 2651 655 2699 βόσκημα
698 2653 787 2688 Ran.
822 2652 910 2693 892,
949 2650 1121 2688 ἱστότονα
1159 2656 1376 2698 πηνίσματα
1415 2651 1507 2687 1315
1531 2660 1558 2685 c.
1589 2648 1696 2684 huius

204 2709 316 2745 studii
347 2709 552 2747 irrisionem
583 2710 703 2746 inesse
735 2711 888 2746 statuat.
1005 2709 1041 2756 2)
1066 2708 1144 2745 Hoc
1174 2708 1317 2744 videtur
1346 2707 1604 2755 persentiscere
1626 2706 1696 2743 Dio

204 2769 449 2818 chrysostom.
473 2780 522 2806 or.
544 2770 614 2806 LII
640 2780 675 2815 p.
693 2769 763 2805 632
787 2780 897 2816 quum
913 2768 1078 2814 Euripidi
1093 2767 1252 2805 vindicet
1273 2768 1314 2804 τὸ
1332 2767 1477 2816 ἀκριβὲς
1492 2768 1554 2801 καὶ
1572 2763 1697 2815 δριμύ.
