1857 3133
248 121 304 161 94

244 233 384 290 μένως
403 233 428 260 *
455 235 541 278 Ion.
564 238 671 288 809,
701 248 797 278 nam
823 237 859 278 si
886 233 1235 297 μεμηχανημένος
1252 238 1448 281 usitatum
1469 239 1566 290 fuit,
1590 240 1740 285 adver-

242 306 352 346 bium
376 306 654 347 inventionem
678 319 759 347 non
787 307 1031 360 requirebat.
1062 329 1121 338 —
1147 305 1197 348 In
1230 308 1308 362 δῇ
1333 307 1495 350 unicum
1521 310 1588 351 est
1611 305 1740 366 ἐπιρ-

241 371 418 433 ροίβδην
436 375 461 402 *
487 375 608 417 Herc.
635 376 667 417 fl»
684 378 771 418 860
797 376 942 433 rapido
971 392 1063 420 cum
1092 379 1264 434 impetu,
1292 390 1386 419 nam
1415 379 1589 420 alterum
1616 375 1741 421 ἐκτά-

241 444 316 501 δην
336 444 386 471 **
415 446 564 505 Phoen.
586 448 698 486 1698
729 441 892 500 saepius
916 459 980 501 ap.
1006 447 1251 501 posteriores
1268 447 1406 489 nescio
1428 459 1480 490 an
1501 459 1555 489 ex
1574 448 1739 501 linguae

240 528 321 555 usu
359 515 415 556 sit
450 514 714 569 depromtum.
775 514 826 556 In
864 516 935 561 U·
950 515 959 523 ’
973 515 1061 557 exit
1094 512 1485 574 παλιμπρυμνηδόν
1502 515 1526 541 *
1563 516 1652 571 Iph.
1692 517 1738 558 Τ.

245 586 355 625 1395
377 583 476 625 Hes.
498 583 723 625 Hei-manni
751 584 992 626 coniectura.
1044 584 1241 640 Denique
1254 585 1398 628 localia
1417 587 1518 628 sunt
1533 583 1698 629 πεδόσε
1714 584 1737 610 *

241 655 264 695 i.
288 669 323 708 q.
347 650 534 697 πεδόνδε
553 653 698 696 Bacch.
721 658 806 697 137
828 669 882 705 c.,
908 656 993 695 600
1013 667 1046 695 c.
1077 658 1120 696 et
1134 649 1365 709 Ἔρεβόθεν
1384 654 1410 681 *
1442 654 1576 697 Orest.
1600 658 1685 698 176
1701 669 1737 697 e.

356 884 445 925 Iam
475 897 600 936 quum
626 884 876 923 incrementa
903 885 1229 936 proposuissem,
1259 895 1364 936 quae
1394 896 1528 925 sermo
1557 883 1740 937 tragicus

240 954 311 994 aut
339 953 517 1007 cepisset
545 965 620 1007 per
648 950 885 1006 Euripidem
915 954 988 992 aut
1018 951 1164 993 saltem
1194 951 1456 1006 probabiliter
1494 952 1572 994 dici
1600 957 1743 1007 posset

240 1024 418 1078 cepisse,
459 1023 518 1063 ita
552 1024 689 1063 tamen
722 1024 770 1062 ut
812 1035 878 1062 me
920 1022 962 1062 in
1000 1023 1288 1063 vocabulorum
1326 1023 1518 1064 thesauro
1548 1027 1743 1073 tenerem,

240 1094 351 1134 nolui
381 1093 520 1134 statim
548 1093 644 1133 vela
672 1092 930 1133 contrahere:
968 1101 1100 1147 neque
1130 1092 1236 1133 enim
1273 1092 1314 1132 in
1350 1105 1441 1133 eam
1468 1093 1742 1147 opportunita-

241 1169 336 1214 tem,
367 1174 447 1217 qua
469 1165 627 1203 ceteras
645 1162 984 1202 incrementorum
1004 1163 1145 1215 partes
1174 1155 1436 1216 exp‘ositurus
1458 1155 1604 1213 essem,
1636 1160 1741 1204 com-

239 1233 358 1275 mode
395 1231 617 1274 differenda
656 1231 924 1282 videbantur,
962 1231 1083 1272 immo
1116 1232 1191 1272 hoc
1230 1232 1319 1272 loco
1357 1231 1567 1285 aptissime
1597 1245 1741 1286 expro-

239 1303 387 1344 menda
414 1315 528 1353 esse,
558 1313 661 1355 quae
690 1300 741 1340 de
769 1300 1059 1341 adiectivorum
1077 1292 1334 1355 maximeque
1360 1300 1670 1355 compositorum
1689 1301 1741 1343 ad

242 1372 498 1413 substantiva
521 1370 842 1424 appositionibus
871 1370 1064 1410 adnotata
1091 1370 1294 1410 haberem.
1357 1368 1549 1417 Qualium
1575 1371 1741 1411 adiecti-

238 1444 383 1482 vorum
414 1453 539 1493 quum
565 1438 840 1492 compluscula
880 1437 922 1478 in
955 1438 1141 1491 catalogo
1172 1438 1291 1479 modo
1321 1438 1503 1479 exhibita
1530 1438 1611 1479 sint
1640 1442 1739 1486 (cer-

238 1510 348 1551 nitur
376 1513 513 1551 autem
541 1508 583 1548 in
610 1507 674 1547 his
705 1506 1025 1561 adpositionibus
1053 1507 1159 1548 haud
1189 1507 1405 1549 mediocris
1439 1508 1592 1562 ingenii
1617 1508 1736 1549 Euri-

236 1580 345 1636 pidei
383 1580 579 1634 impetus,
618 1579 800 1618 ceterum
838 1576 918 1617 vid.
950 1575 1208 1632 Bernhardyi
1246 1580 1410 1632 syntax.
1449 1592 1488 1632 p.
1521 1579 1645 1631 427),
1675 1592 1738 1619 re-

237 1652 348 1692 stant
374 1652 509 1690 tamen
538 1651 604 1688 sat
630 1647 779 1697 multa,
816 1646 860 1687 in
898 1647 1044 1700 quibus
1081 1660 1157 1702 per
1189 1660 1235 1688 se
1274 1647 1437 1701 quidem
1467 1647 1566 1689 nihil
1595 1649 1737 1689 inven-

236 1710 378 1769 tionis,
424 1720 498 1760 sed
535 1717 695 1777 quando
732 1716 784 1756 ad
821 1717 1079 1757 substantiva
1103 1717 1383 1770 adponuntur,
1424 1717 1614 1758 audaciae
1645 1718 1737 1771 plus

234 1791 421 1831 minusve
449 1789 575 1830 inest:
606 1799 711 1840 quae
740 1785 775 1826 si
806 1786 858 1827 ad
888 1799 1013 1827 unum
1041 1786 1175 1828 omnia
1204 1784 1373 1829 collecta
1392 1787 1540 1828 vellem
1569 1787 1610 1828 in
1633 1786 1736 1828 ordi-

233 1942 308 1988 τής)
336 1946 502 1989 ποίμνης
524 1942 609 1990 frgt.
638 1943 725 1986 775,
752 1943 797 1980 26
823 1954 851 1980 c.
877 1949 1025 1988 pastor,
1050 1944 1118 1985 est,
1144 1945 1187 1979 ut
1208 1943 1361 1989 Hesych.
1387 1943 1517 1985 tradit,
1543 1944 1578 1989 ιὁ
1596 1949 1735 1979 Ποσει-

234 2002 313 2036 δῶν
339 2002 378 2036 ἐν
391 2000 592 2045 Ἀθήναις)
621 1999 786 2050 κράντωρ
810 2000 920 2036 Andr.
946 2001 1016 2037 507
1043 2011 1073 2036 c.
1107 2004 1295 2046 princeps,
1327 2000 1440 2037 Anth.
1464 2000 1542 2036 Pal.
1565 2001 1638 2044 VI,
1666 2001 1734 2038 116

231 2068 362 2094 nomen
390 2057 573 2105 proprium
613 2058 704 2095 satis
734 2059 879 2100 notum,
915 2058 1077 2106 ἀκέστωρ
1106 2056 1288 2106 πημάτων
1322 2058 1432 2094 Andr.
1458 2060 1548 2101 900,
1584 2059 1734 2098 ἅλκαῑος

231 2117 312 2152 Hel.
337 2117 429 2153 1152
446 2128 495 2159 c.,
520 2115 672 2165 elsqmoc
698 2115 810 2165 κρήνη
835 2115 912 2162 Iph.
929 2115 973 2150 A.
988 2116 1075 2158 420,
1102 2114 1285 2164 ἅκρυπτος
1299 2115 1409 2152 Andr.
1426 2116 1508 2158 835,
1530 2126 1612 2152 raro
1635 2126 1731 2152 nom.

230 2186 305 2220 pr.,
331 2174 487 2224 εὔθηρος
513 2173 597 2209 Eur.
633 2184 731 2220 saep.
758 2175 796 2210 et
817 2173 886 2216 al.,
921 2184 1017 2210 nom.
1052 2184 1173 2220 propr.
1207 2184 1266 2220 ap.
1294 2173 1456 2220 Xenoph.
1479 2185 1584 2212 mem.
1611 2175 1667 2217 11,
1695 2174 1729 2217 8,

230 2231 399 2282 εὐρωπὸν
421 2231 555 2279 χάσμα
581 2231 663 2278 Iph.
690 2231 730 2270 Τ.
757 2232 827 2269 626
855 2231 1019 2277 saepius3
1050 2231 1204 2278 Hesych.
1229 2231 1373 2268 dubitat
1397 2234 1520 2269 utrum
1545 2231 1734 2268 σκοτεινόν

230 2289 280 2325 sit
308 2300 356 2325 an
381 2288 522 2333 πλατύ;
547 2290 634 2333 hoc,
660 2290 808 2336 opinor,
845 2289 1119 2336 praeferendum
1144 2289 1218 2326 vid.
1241 2290 1366 2326 Herm.
1393 2290 1439 2327 ad
1462 2289 1562 2337 Ajac.
1586 2301 1617 2325 v.
1645 2290 1732 2332 221;

230 2348 341 2393 (nom.
372 2359 495 2394 propr.
522 2350 579 2384 sat
604 2349 765 2392 notum),
792 2346 934 2397 ὖδρόεις
960 2346 1131 2397 Εὐρώτας
1155 2347 1238 2383 Hel.
1261 2348 1332 2384 349
1357 2359 1384 2384 c.
1410 2348 1613 2397 (ὑδροῦσσα
1637 2358 1731 2383 nom.

228 2406 316 2451 pn),
347 2404 553 2454 χρυσορόης
577 2406 705 2442 Bacch.
729 2404 799 2442 154
822 2416 852 2441 c.
885 2406 935 2450 (n.
960 2406 1052 2451 pn),
1082 2403 1290 2456 ᾆβροκόμης
1314 2408 1443 2453 φοῖνιξ
1464 2405 1542 2442 Ion.
1568 2405 1639 2443 920
1662 2415 1730 2447 an„

227 2462 309 2509 Iph.
335 2461 378 2499 T.
402 2463 495 2499 1099
511 2474 542 2499 0.
567 2463 671 2508 (uatis
695 2464 796 2509 noh),
831 2462 1052 2506 πολὺκτητοι
1079 2461 1193 2508 δόμοι
1216 2462 1326 2499 Andr.
1352 2463 1422 2500 769
1445 2474 1493 2506 0.,
1517 2463 1563 2502 N.
1588 2463 1646 2499 Pr.
1673 2473 1730 2508 ap.

228 2521 373 2557 Lucian.
400 2520 522 2567 Fugit.
551 2521 616 2558 26.
643 2521 749 2567 Corp.
775 2521 804 2559 Ι.
827 2531 864 2556 n.
889 2520 977 2563 172,
1000 2521 1073 2565 ΙΙΙ,
1101 2521 1147 2557 36
1156 2534 1165 2564 3
1199 2523 1456 2569 καλλίμορᾳον
1488 2522 1601 2569 δέμας
1621 2520 1730 2557 Andr.

229 2580 341 2622 1155,
364 2579 476 2628 χορός
499 2580 605 2616 Herc.
632 2579 655 2615 f.
682 2580 770 2621 925,
795 2579 943 2624 Antiph.
970 2589 1026 2624 ap.
1051 2579 1184 2615 Athen.
1210 2579 1307 2621 XIV,
1334 2580 1422 2622 655,
1459 2579 1565 2615 Nom.
1590 2579 1648 2615 Pr.
1674 2590 1729 2625 ap.

226 2638 311 2673 Luc.
334 2637 462 2681 Quom.
487 2637 572 2674 hist.
597 2648 624 2673 c.
651 2638 716 2680 16,
743 2640 780 2673 et
801 2637 912 2674 Inscr.
932 2635 1090 2682 Aphrod.
1118 2636 1273 2673 Boeckh.
1298 2637 1371 2674 vol.
1393 2637 1448 2678 H,
1474 2649 1510 2684 p.
1535 2636 1625 2680 526,
1643 2636 1729 2674 548.

225 2694 414 2732 Postremo
429 2695 522 2732 addo
546 2693 758 2744 βοηδρόμος
771 2695 812 2717 **
837 2694 970 2731 Phoen
990 2695 1098 2737 1432,
1124 2690 1218 2734 ποῦς
1239 2695 1302 2733 Or.
1320 2695 1433 2738 1290,
1461 2691 1606 2739 σποὶιδὴ
1626 2695 1728 2737 1571,

226 2754 278 2789 ΕΙ.
306 2755 394 2795 963,
421 2754 562 2789 Heracl.
589 2755 670 2795 339,
693 2753 800 2789 Anth.
824 2754 900 2789 Pal.
928 2753 1020 2794 VII,
1047 2754 1114 2789 231
1142 2752 1186 2789 ob
1214 2764 1343 2790 nomen
1369 2752 1513 2789 mensis.
1541 2773 1585 2778 —-
