1857 3133
157 125 267 163 36*

273 239 315 288 1)
342 236 694 289 Copulativa:
738 235 839 275 haec
877 236 1033 276 duobus
1068 235 1139 274 aut
1171 235 1438 276 substantivis
1474 235 1545 275 aut
1571 232 1640 273 ad-

154 306 311 348 iectivis
343 304 589 358 (notionibus
619 303 885 357 coordinatis,
915 307 962 346 ut
990 304 1046 345 ait
1076 303 1305 344 Lobeckius
1332 291 1506 358 Paralip.
1538 303 1639 354 367)

153 377 210 417 ita
241 375 489 424 efficiuntur,
513 377 579 426 ut,
616 374 695 415 nisi
723 376 904 421 membra
933 374 1161 429 copulativa
1186 373 1393 427 particula
1413 376 1463 414 et
1489 373 1637 427 iungis,

154 446 313 487 solvere
340 455 533 497 nequeas,
596 445 639 496 2)
673 443 738 485 Po
751 444 1011 485 ssessiva:
1051 445 1236 484 constant
1260 445 1331 486 aut
1358 443 1516 485 duobus
1545 443 1638 484 sub-

156 514 365 568 stantivis,
396 516 467 554 aut
507 513 706 555 adjectivo
735 515 778 554 et
817 513 1092 563 substantivo,
1137 517 1207 553 aut
1246 513 1444 553 numerali
1475 515 1518 553 et
1547 513 1638 553 sub-

154 585 352 634 stantivo,
381 586 454 624 aut
480 583 681 637 particula
700 585 780 624 vel'
793 582 1091 637 praepositione
1120 585 1162 623 et
1191 582 1454 623 substantivo.
1510 581 1638 622 Mem-

151 656 268 696 brum
304 652 432 705 igitur
473 666 649 707 sequens
690 665 850 706 semper
887 652 1186 692 substantivum
1215 653 1289 692 est.
1348 651 1399 691 In
1429 651 1494 692 his
1523 654 1639 704 prae-

153 724 313 765 cedenti
327 723 521 763 ,membro
550 722 740 762 definitur
765 721 926 778 quidem
959 721 1213 774 subsequens
1242 721 1314 769 sed
1343 721 1422 770 ita,
1449 721 1498 760 111
1520 718 1639 759 unica

151 793 246 834 inde
286 792 479 830 nascatur
512 791 633 830 notio.
690 788 974 840 Substantivo,
1013 789 1077 829 cui
1117 788 1340 839 adduntur,
1379 790 1492 840 (sunt
1531 787 1638 827 enim

153 860 286 902 omnia
310 859 526 910 adiectiva)
557 858 784 899 attribuunt
813 856 988 912 aliquid}
1025 858 1262 913 plerumque
1294 871 1370 913 nec
1406 871 1505 899 vero
1535 870 1637 897 sem-

149 944 224 985 per
250 928 602 983 possessionem.¹)
664 928 707 980 3)
739 928 1201 969 Determinativa:
1236 929 1315 969 buc
1341 928 1517 968 'redeunt
1553 928 1638 967 tam

150 998 408 1042 substantiva
438 1002 561 1052 quam
595 997 795 1039 adiectiva
808 1031 819 1050 ‚
861 999 903 1039 in
939 998 1085 1053 quibus
1123 999 1346 1040 membrum
1374 998 1639 1053 subsequens,

150 1071 257 1126 quod
279 1069 514 1123 primarium
543 1071 626 1120 est,
656 1069 914 1122 praecedenti
941 1069 1099 1120 nonnisi
1127 1069 1435 1119 determinatur,
1474 1080 1638 1121 praece-

150 1141 251 1181 dens
286 1140 423 1179 autem
462 1137 704 1178 adiectivum
741 1138 806 1177 est
845 1137 1157 1178 adverbiascens
1195 1139 1267 1178 aut
1303 1137 1538 1178 adverbium
1566 1138 1638 1177 aut

146 1206 403 1262 praepositio.
473 1209 516 1257 4)
553 1205 837 1247 Obiectiva
877 1207 1081 1259 (rectionis
1117 1207 1376 1261 composita),
1427 1219 1531 1261 quae
1570 1207 1637 1246 de—
1682 1202 1684 1204 ’

146 1276 414 1319 terminativis
445 1277 635 1330 propiora
672 1278 769 1316 sunt
809 1290 929 1330 quam
965 1277 1230 1327 attributivis,
1261 1279 1308 1318 ut
1335 1277 1392 1317 ait
1419 1275 1637 1328 Curtius.²)

146 1337 211 1387 Inv
238 1347 300 1387 his
338 1347 509 1386 alterum
547 1346 772 1386 membrum
801 1346 954 1399 pendet
978 1348 1032 1389 ab
1064 1348 1213 1396 altero,
1236 1340 1317 1397 Δ111,
1345 1348 1382 1387 'si
1411 1347 1636 1396 solvuntur,

147 1417 318 1457 alterum
348 1417 523 1468 ponatur
554 1427 652 1455 casu
681 1415 848 1468 obliquo.
911 1414 1163 1470 Suspensum
1189 1417 1412 1456 membrum
1442 1417 1514 1455 aut
1543 1415 1635 1456 sub-

147 1485 369 1527 stantivum
399 1486 464 1525 est
495 1487 588 1535 aut,
627 1498 869 1538 quamquam
904 1498 1016 1538 raro,
1061 1486 1304 1527 adiectivum
1336 1486 1511 1540 positum
1542 1486 1634 1525 sub-

146 1555 345 1604 stantive,
382 1555 604 1594 membrum
642 1567 794 1606 regens
835 1558 906 1594 aut
929 1544 1241 1613 lsubstantivum
1281 1558 1352 1596 aut
1393 1554 1635 1595 adiectivum

145 1626 218 1666 aut
245 1624 359 1665 verbi
388 1624 534 1677 stirps,
564 1637 668 1677 quae
693 1623 736 1664 in
765 1624 1009 1665 adiectivum
1037 1626 1323 1666 transformata
1354 1627 1429 1666 est.
1464 1649 1512 1655 —
1549 1624 1635 1665 Vix

146 1707 247 1748 opus
275 1696 361 1742 est,
389 1696 437 1733 ut
465 1693 630 1733 disertis
658 1693 794 1733 verbis
821 1699 1052 1746 moneatur3
1087 1695 1196 1735 ultra
1224 1695 1318 1735 bina
1348 1695 1527 1736 membra
1555 1707 1635 1734 non

143 1776 407 1818 progressum
443 1776 536 1803 esse
566 1762 803 1817 Euripidem
841 1763 882 1804 in
912 1765 1205 1818 componendo,
1241 1766 1309 1818 qui
1341 1766 1407 1806 vel
1435 1777 1484 1804 ea
1513 1777 1631 1804 voca-

142 1833 240 1873 bula
280 1845 446 1886 perraro
483 1832 733 1882 admitteret,
775 1845 943 1886 quorum
981 1834 1154 1874 alterum
1191 1835 1415 1875 membrum
1459 1833 1630 1875 declina-

141 1902 244 1952 bile,
275 1903 444 1942 alterum
474 1915 528 1942 ex
554 1901 778 1942 declinabili
805 1904 849 1942 et
878 1903 1075 1955 particula
1096 1903 1316 1943 conflatum
1336 1906 1400 1943 est
1432 1895 1630 1958 (ἄπειρό-

142 1970 334 2027 δροσος),
377 1984 509 2025 neque
540 1983 589 2011 ea
619 1968 745 2011 multo
778 1971 960 2024 saepius,
1004 1985 1173 2025 quorum
1209 1972 1381 2013 alterum
1408 1973 1630 2013 membrum

141 2044 207 2081 est
231 2040 531 2092 indeclinabile,
558 2041 731 2081 alterum
762 2054 815 2081 ex
845 2042 1117 2087 indeclinabili
1130 2056 1195 2084 oac
1226 2043 1452 2084 declinabili
1473 2045 1631 2083 constat

142 2105 484 2168 (δυςεξήνι-στος).
542 2111 657 2152 Haec
686 2112 936 2165 utpondere
964 2113 1021 2154 ita
1049 2112 1204 2155 offensa
1234 2116 1383 2156 carent.
1521 2120 1525 2124 ’

637 2241 670 2285 ξ.
694 2241 729 2276 4.
778 2242 805 2278 Ι,
843 2242 1138 2287 Copulativa.

256 2327 493 2382 Euripidem
534 2329 597 2369 his
638 2330 732 2382 (vid.
765 2331 924 2372 omnino
955 2332 1129 2374 Lobeck
1160 2332 1309 2387 Phryn.
1340 2335 1425 2374 304
1453 2335 1494 2374 et
1525 2334 1626 2384 600)

137 2397 222 2436 fere
250 2410 417 2449 prorsus
460 2399 703 2439 abstinuisse
742 2400 813 2440 vix
838 2401 1067 2454 mirabitur,
1107 2402 1173 2456 qui
1203 2403 1302 2453 scit,
1342 2415 1462 2456 quam
1497 2415 1628 2457 pauca

227 2568 263 2614 1)
291 2567 408 2613 Quare
434 2568 553 2615 aptior
578 2570 634 2605 est
657 2568 696 2609 G.
725 2569 843 2607 Curtii
869 2572 1065 2618 appellatio
1092 2575 1323 2611 attributiva:
1355 2585 1465 2621 quum
1495 2584 1546 2611 ex.
1570 2585 1623 2620 gr.

132 2628 355 2676 καλλίχορον
384 2630 475 2666 θεᾶς
506 2627 604 2676 ὕδωρ
642 2628 767 2674 Suppl.
791 2630 860 2666 619
887 2641 935 2672 0.,
979 2634 1191 2681 καλλίχοροι
1222 2639 1344 2680 πηγαί
1379 2633 1454 2667 1011.
1481 2633 1572 2670 1075
1595 2643 1622 2667 c.

130 2693 237 2730 aegre
270 2684 416 2721 nonnisi
445 2685 659 2731 possessivis
695 2687 939 2733 assignentur.
1081 2690 1118 2735 2)
1144 2690 1188 2726 In
1213 2691 1533 2738 „Erliiuterungen
1562 2702 1624 2727 zur

127 2740 261 2788 griech.
285 2740 466 2779 Gramm.“
490 2754 526 2789 p.
553 2743 634 2780 147.
1342 2767 1346 2772 ·
