1857 3133
214 123 267 161 82

214 235 300 275 Ion.
330 236 437 274 1161
473 233 657 287 semffer,
675 230 794 288 'quod
820 218 919 288 post
939 233 1174 288 Euripidem
1195 233 1310 287 apud
1340 232 1508 287 Dionys.
1525 231 1616 275 Hal.
1637 230 1713 281 VI,

217 306 327 353 822,
372 304 446 354 14,
490 303 801 357 Lycophronem
839 305 951 353 ⁸650,
1001 303 1124 344 Anth.
1162 303 1272 345 Plan.
1316 305 1420 349 126,
1460 306 1485 343 3
1536 305 1578 342 et
1617 301 1712 342 alibi

215 375 396 428 apparet.
457 372 540 415 Sed
566 373 606 413 in
638 372 699 413 his
730 372 970 432 ceterisque
986 377 1012 414 ‘a
1038 368 1213 428 μίγνυμι
1232 372 1485 426 compositis,
1517 374 1564 413 ut
1583 369 1712 425 μιξο-

217 438 441 497 πάρθενος
468 444 511 482 et
542 438 876 498 μιξοβάρβαρος,
901 454 1070 496 quorum
1100 442 1199 483 illud
1223 440 1443 495 Euripides
1471 453 1561 481 eum
1583 440 1712 494 Hero-

217 513 333 561 doto,
365 513 441 552 hoe
460 525 551 552 cum
569 502 844 566 Xenophonte
861 524 909 553 ae
928 512 1096 552 Platone
1127 523 1336 568 comm-nne
1351 511 1505 561 -habet,
1535 509 1714 550 verbalis

220 581 432 635 antiquata
458 583 524 623 est
545 581 797 636 significatio.
814 606 871 613 --
913 580 1126 623 Obieetiva
1154 571 1375 637 Euripiden.
1404 580 1597 635 pleraque
1627 579 1714 621 alti-

219 664 289 693 ore
329 651 504 703 quodam
534 652 682 705 spiritu
713 653 871 705 prolata
899 663 1012 701 esse,
1049 651 1091 689 id
1120 662 1291 692 recensu
1319 650 1456 691 habito
1483 652 1594 691 certe
1624 661 1713 701 pro-

219 714 383 762 babitur
408 721 571 772 lectori,
600 722 668 776 qui
694 719 1025 762 animadverterit
1058 733 1113 760 ex
1154 722 1316 761 eentum
1354 723 1400 762 et
1427 718 1718 775 quinquaginta

223 791 435 830 obieetivis
476 792 545 831 vix
576 791 735 831 tertiam
765 791 924 843 partem
952 789 1176 830 imitatores
1209 793 1369 830 nactam
1398 800 1513 839 esse,
1553 791 1716 828 eentum

223 860 423 913 cumipse
443 858 637 914 Euripide
675 858 870 901 cecidisse
884 891 894 909 ‚
933 872 1075 916 porro,
1115 858 1313 913 siquidem
1354 858 1415 909 id.
1444 870 1603 911 quoque
1642 869 1716 911 pro

222 929 463 968 documento
481 929 674 968 audaciae
691 923 856 968 mai'oris
879 929 1028 968 habere
1055 928 1151 968 licet
1163 959 1173 978 ‚
1201 928 1300 968 item
1317 915 1476 968 circiter
1493 928 1656 975 eentum
1676 926 1717 965 in

224 998 480 1040 carminibus
502 1001 546 1040 et
582 999 817 1053 anapaestis
859 997 1052 1049 inveniri,
1098 998 1253 1051 reliqua
1295 999 1339 1045 in
1375 997 1518 1039 iambis
1553 1000 1597 1037 et
1636 998 1717 1036 tro-

224 1068 392 1117 chaei&
412 1080 653 1122 quamquam
681 1069 722 1108 in
749 1069 812 1108 his
837 1080 997 1121 quoque
1026 1068 1246 1120 grandiora
1265 1069 1465 1121 quaedam
1491 1066 1573 1118 legi
1595 1065 1718 1106 nemi-

222 1150 315 1177 nem
345 1138 506 1190 fugerit.
537 1162 594 1168 -—

828 1396 1014 1441 CAPVT
1051 1399 1105 1440 II.

758 1493 843 1542 nu
903 1495 1200 1543 vannis.
1667 1481 1755 1513 0·

336 1614 379 1656 Si
410 1615 501 1669 quis
531 1613 721 1668 Aeschyli
752 1614 920 1655 inventa
949 1628 1023 1668 per
1052 1628 1097 1655 se
1138 1615 1300 1667 quidem
1331 1628 1412 1656 non
1450 1627 1548 1655 sane
1570 1606 1718 1669 panea,

216 1685 288 1725 sed
323 1698 453 1739 pauca
479 1686 591 1725 certe
622 1697 695 1737 pro
725 1686 838 1724 tanta
867 1685 1071 1724 nominum
1092 1685 1197 1725 mole
1227 1684 1473 1738 inspexerit,
1502 1675 1598 1737 quid
1631 1687 1716 1737 tan-

213 1755 305 1795 dem
339 1754 645 1808 exspectaverit
684 1755 735 1794 ab
774 1753 995 1808 Euripide?
1045 1754 1236 1796 Ceterum
1274 1754 1349 1795 hoc
1389 1754 1560 1796 dixerim
1601 1768 1716 1808 prae-

156 1868 163 1871 ,
215 1825 375 1865 faminis
392 1825 480 1864 loeo
499 1824 541 1864 iu
561 1823 759 1863 derivatis
777 1824 833 1862 nil
855 1824 995 1863 valere
1014 1826 1158 1876 poetae
1178 1824 1386 1876 ingenium
1404 1824 1445 1864 in
1463 1824 1717 1876 undeviginti

214 1892 385 1942 fabulis,
410 1895 456 1932 ut
486 1891 671 1933 Rhesum
701 1892 847 1932 addam
863 1923 873 1941 ‚
911 1892 1120 1946 larg-isque
1154 1892 1392 1945 fragmentis
1431 1893 1516 1933 fere
1547 1893 1716 1934 totidem

213 1962 339 2002 verba
377 1950 682 2014 producentis,⁸
711 1974 843 2014 neque
889 1974 988 2002 vero
1032 1962 1124 2015 plus
1163 1961 1205 2001 in
1247 1960 1297 2001 iis
1330 1962 1580 2016 compositis,
1612 1977 1715 2015 quae

211 2044 303 2071 011111
333 2030 561 2071 nominibus
589 2030 726 2070 iuncta
755 2033 853 2070 sunt
896 2033 1007 2071 certe
1045 2030 1195 2070 maiore
1237 2030 1438 2083 periculo,
1481 2032 1554 2071 sed
1594 2032 1714 2085 pluri-

212 2113 322 2140 mum
348 2100 389 2140 in
418 2099 491 2150 iis,
518 2112 623 2153 quae
644 2099 983 2154 praepositionem
1008 2100 1176 2141 habent:
1208 2113 1351 2140 verum
1381 2100 1481 2141 haec
1499 2100 1715 2142 maximam

210 2171 368 2223 partem
399 2183 480 2210 non
511 2170 708 2224 syntheta
740 2172 837 2210 sunt
867 2170 940 2209 sed
972 2170 1194 2223 paratheta.

507 2300 547 2344 §—
573 2299 607 2334 8.
657 2273 868 2334 1.'Verba
901 2292 1150 2345 simplicia
1185 2300 1415 2340 derivata.

387 2391 428 2438 a)
456 2389 636 2429 Verba
665 2388 1047 2429 circumflexa:

327 2458 366 2499 N
369 2470 420 2499 on
451 2457 631 2499 omittam
670 2457 868 2512 quaedam
904 2458 1157 2511 superiorum
1187 2464 1416 2513 poetarum,
1456 2463 1503 2501 ut
1531 2458 1713 2500 Homeri-

210 2541 302 2568 cum
331 2524 551 2583 ἕλαστρὲω
581 2526 668 2581 Iph.
700 2527 744 2567 T.
779 2530 861 2568 934
877 2559 888 2577 ,
919 2530 997 2567 971
1013 2562 1022 2578 ,
1061 2542 1114 2568 110
1143 2530 1375 2582 vulgatiora.
1403 2530 1587 2578 afferam,
1622 2528 1712 2569 Pin-

213 2598 394 2640 daricum
425 2590 605 2638 καπνόω
634 2596 752 2651 Pyth.
774 2595 825 2648 V,
852 2599 935 2637 110
966 2598 1026 2638 bis
1055 2598 1454 2654 apudEuripidem,
1483 2598 1714 2654 Aeschylea

213 2663 439 2724 πυργηρέω
460 2666 571 2721 Sept.
599 2669 653 2707 22
668 2698 678 2716 ,
701 2669 809 2717 168,
838 2666 936 2707 Eur.
956 2666 1089 2708 Orest.
1116 2671 1220 2720 763,
1249 2672 1361 2710 1574
1376 2701 1386 2719 ,
1418 2668 1564 2709 Phoen.
1589 2671 1713 2719 1087,

209 2731 445 2792 ἅνθρακόω
485 2737 613 2778 Prom.
656 2740 738 2778 374
780 2737 903 2790 (quod
938 2738 1058 2779 etiam
1100 2738 1220 2793 Soph.
1261 2740 1422 2792 habet),
1462 2738 1557 2780 Eur.
1599 2739 1710 2795 Cycl.
