<?xml version="1.0" encoding="UTF-8"?>
<!DOCTYPE html PUBLIC "-//W3C//DTD XHTML 1.0 Transitional//EN"
    "http://www.w3.org/TR/xhtml1/DTD/xhtml1-transitional.dtd">
<html xmlns="http://www.w3.org/1999/xhtml" xml:lang="en" lang="en">
 <head>
  <title>
</title>
<meta http-equiv="Content-Type" content="text/html;charset=utf-8" />
  <meta name='ocr-system' content='tesseract 3.04.00' />
  <meta name='ocr-capabilities' content='ocr_page ocr_carea ocr_par ocr_line ocrx_word'/>
</head>
<body>
  <div class='ocr_page' id='page_1' title='image "4738124_0013.png"; bbox 0 0 1857 3133; ppageno 0'>
   <div class='ocr_carea' id='block_1_1' title="bbox 98 633 1677 2044">
    <p class='ocr_par' dir='ltr' id='par_1_1' title="bbox 98 633 1677 2044">
     <span class='ocr_line' id='line_1_1' title="bbox 297 633 1646 730; baseline 0.004 -20"><span class='ocrx_word' id='word_1_1' title='bbox 297 633 536 723; x_wconf 81' lang='lat' dir='ltr'>Dionysius</span> <span class='ocrx_word' id='word_1_2' title='bbox 565 668 667 715; x_wconf 78' lang='lat' dir='ltr'>Hal..</span> <span class='ocrx_word' id='word_1_3' title='bbox 687 682 797 727; x_wconf 45' lang='lat' dir='ltr'>cens,</span> <span class='ocrx_word' id='word_1_4' title='bbox 825 671 924 712; x_wconf 76' lang='lat' dir='ltr'>vett.</span> <span class='ocrx_word' id='word_1_5' title='bbox 964 669 1119 725; x_wconf 79' lang='lat' dir='ltr'>scriptt.</span> <span class='ocrx_word' id='word_1_6' title='bbox 1153 674 1228 713; x_wconf 81' lang='lat'>11:</span> <span class='ocrx_word' id='word_1_7' title='bbox 1267 666 1291 713; x_wconf 85' lang='grc' dir='ltr'><em>ὃ</em></span> <span class='ocrx_word' id='word_1_8' title='bbox 1330 670 1366 713; x_wconf 79' lang='grc' dir='ltr'>δ’</span> <span class='ocrx_word' id='word_1_9' title='bbox 1396 667 1646 730; x_wconf 78' lang='grc' dir='ltr'><strong><em>Εὐριπίδης,</em></strong></span> 
     </span>
     <span class='ocr_line' id='line_1_2' title="bbox 131 733 1648 798; baseline 0.002 -18"><span class='ocrx_word' id='word_1_10' title='bbox 131 776 134 779; x_wconf 74' lang='grc'>,</span> <span class='ocrx_word' id='word_1_11' title='bbox 158 740 307 795; x_wconf 88' lang='lat' dir='ltr'>inquit,</span> <span class='ocrx_word' id='word_1_12' title='bbox 344 734 442 781; x_wconf 65' lang='grc' dir='ltr'><strong><em>οὔτε</em></strong></span> <span class='ocrx_word' id='word_1_13' title='bbox 473 733 645 796; x_wconf 71' lang='grc' dir='ltr'><strong><em>ὑψηλός</em></strong></span> <span class='ocrx_word' id='word_1_14' title='bbox 674 735 806 781; x_wconf 74' lang='grc' dir='ltr'><strong><em>ἐστιν,</em></strong></span> <span class='ocrx_word' id='word_1_15' title='bbox 825 734 947 783; x_wconf 42' lang='lat' dir='ltr'>oa&#39;Jvev</span> <span class='ocrx_word' id='word_1_16' title='bbox 961 737 1045 796; x_wconf 72' lang='grc' dir='ltr'>μὴν</span> <span class='ocrx_word' id='word_1_17' title='bbox 1075 734 1214 793; x_wconf 60' lang='grc' dir='ltr'><strong><em>λατός,</em></strong></span> <span class='ocrx_word' id='word_1_18' title='bbox 1260 733 1370 782; x_wconf 78' lang='grc' dir='ltr'><em>ἀλλὰ</em></span> <span class='ocrx_word' id='word_1_19' title='bbox 1411 739 1648 798; x_wconf 73' lang='grc' dir='ltr'><strong><em>κεκραμένῃ</em></strong></span> 
     </span>
     <span class='ocr_line' id='line_1_3' title="bbox 157 805 1646 867; baseline 0.002 -17"><span class='ocrx_word' id='word_1_20' title='bbox 157 813 233 867; x_wconf 82' lang='grc' dir='ltr'>τῆς</span> <span class='ocrx_word' id='word_1_21' title='bbox 260 806 415 861; x_wconf 80' lang='grc' dir='ltr'><strong><em>λέξεως</em></strong></span> <span class='ocrx_word' id='word_1_22' title='bbox 447 806 651 866; x_wconf 75' lang='grc' dir='ltr'><strong><em>μεσότητι</em></strong></span> <span class='ocrx_word' id='word_1_23' title='bbox 682 805 891 865; x_wconf 74' lang='grc' dir='ltr'><strong><em>κέχρηται.</em></strong></span> <span class='ocrx_word' id='word_1_24' title='bbox 906 810 939 861; x_wconf 84' lang='lat'>¹.)</span> <span class='ocrx_word' id='word_1_25' title='bbox 960 836 965 838; x_wconf 36' lang='grc' dir='ltr'><em>ν</em></span> <span class='ocrx_word' id='word_1_26' title='bbox 985 809 1319 856; x_wconf 72' lang='lat' dir='ltr'>Cui.tesfimonio</span> <span class='ocrx_word' id='word_1_27' title='bbox 1350 825 1474 865; x_wconf 86' lang='lat' dir='ltr'>quum</span> <span class='ocrx_word' id='word_1_28' title='bbox 1506 825 1646 858; x_wconf 84' lang='lat' dir='ltr'>omnes</span> 
     </span>
     <span class='ocr_line' id='line_1_4' title="bbox 159 878 1645 936; baseline 0.003 -17"><span class='ocrx_word' id='word_1_29' title='bbox 159 879 417 933; x_wconf 80' lang='lat' dir='ltr'>subscribant</span> <span class='ocrx_word' id='word_1_30' title='bbox 451 879 520 932; x_wconf 87' lang='lat' dir='ltr'>qui</span> <span class='ocrx_word' id='word_1_31' title='bbox 557 881 655 933; x_wconf 85' lang='lat' dir='ltr'>post</span> <span class='ocrx_word' id='word_1_32' title='bbox 678 878 873 936; x_wconf 83' lang='lat' dir='ltr'>Aeschyli</span> <span class='ocrx_word' id='word_1_33' title='bbox 909 893 957 921; x_wconf 88' lang='lat' dir='ltr'>ac</span> <span class='ocrx_word' id='word_1_34' title='bbox 987 880 1198 935; x_wconf 80' lang='lat' dir='ltr'>Sophoclis</span> <span class='ocrx_word' id='word_1_35' title='bbox 1232 882 1444 923; x_wconf 80' lang='lat' dir='ltr'>lectionem</span> <span class='ocrx_word' id='word_1_36' title='bbox 1482 883 1535 923; x_wconf 88' lang='lat' dir='ltr'>ad</span> <span class='ocrx_word' id='word_1_37' title='bbox 1563 883 1645 923; x_wconf 82' lang='lat' dir='ltr'>Eu-</span> 
     </span>
     <span class='ocr_line' id='line_1_5' title="bbox 157 949 1648 1010; baseline 0.004 -21"><span class='ocrx_word' id='word_1_38' title='bbox 157 950 329 1003; x_wconf 85' lang='lat' dir='ltr'>ripidem</span> <span class='ocrx_word' id='word_1_39' title='bbox 364 962 411 988; x_wconf 84' lang='lat' dir='ltr'>se</span> <span class='ocrx_word' id='word_1_40' title='bbox 437 949 660 1003; x_wconf 85' lang='lat' dir='ltr'>applicant,</span> <span class='ocrx_word' id='word_1_41' title='bbox 700 951 875 1010; x_wconf 76' lang='lat' dir='ltr'>dubitari</span> <span class='ocrx_word' id='word_1_42' title='bbox 914 953 1052 992; x_wconf 81' lang='lat' dir='ltr'>tamen</span> <span class='ocrx_word' id='word_1_43' title='bbox 1076 954 1234 1005; x_wconf 84' lang='lat' dir='ltr'>potest,</span> <span class='ocrx_word' id='word_1_44' title='bbox 1275 953 1419 1006; x_wconf 82' lang='lat' dir='ltr'>quibus</span> <span class='ocrx_word' id='word_1_45' title='bbox 1449 953 1491 995; x_wconf 90' lang='lat' dir='ltr'>in</span> <span class='ocrx_word' id='word_1_46' title='bbox 1521 953 1648 1007; x_wconf 87' lang='lat' dir='ltr'>parti-</span> 
     </span>
     <span class='ocr_line' id='line_1_6' title="bbox 98 1014 1647 1077; baseline 0.003 -17"><span class='ocrx_word' id='word_1_47' title='bbox 98 1066 114 1075; x_wconf 27' lang='lat'><em>*</em></span> <span class='ocrx_word' id='word_1_48' title='bbox 156 1019 233 1060; x_wconf 87' lang='lat' dir='ltr'>bus</span> <span class='ocrx_word' id='word_1_49' title='bbox 258 1020 458 1060; x_wconf 85' lang='lat' dir='ltr'>cernatur</span> <span class='ocrx_word' id='word_1_50' title='bbox 494 1014 731 1076; x_wconf 79' lang='grc' dir='ltr'><strong><em>κεκραμένη</em></strong></span> <span class='ocrx_word' id='word_1_51' title='bbox 766 1019 836 1059; x_wconf 83' lang='lat' dir='ltr'>illa</span> <span class='ocrx_word' id='word_1_52' title='bbox 881 1021 970 1076; x_wconf 78' lang='grc' dir='ltr'><strong><em>τῆς.</em></strong></span> <span class='ocrx_word' id='word_1_53' title='bbox 994 1016 1150 1071; x_wconf 77' lang='grc' dir='ltr'><strong><em>λέξεως</em></strong></span> <span class='ocrx_word' id='word_1_54' title='bbox 1186 1016 1385 1077; x_wconf 77' lang='grc' dir='ltr'><strong><em>μεσότης.</em></strong></span> <span class='ocrx_word' id='word_1_55' title='bbox 1461 1021 1647 1076; x_wconf 83' lang='lat' dir='ltr'>Apparet</span> 
     </span>
     <span class='ocr_line' id='line_1_7' title="bbox 157 1088 1646 1145; baseline 0.003 -17"><span class='ocrx_word' id='word_1_56' title='bbox 157 1088 263 1128; x_wconf 79' lang='lat' dir='ltr'>enim</span> <span class='ocrx_word' id='word_1_57' title='bbox 291 1088 450 1145; x_wconf 64' lang='grc'><strong>(31118111</strong></span> <span class='ocrx_word' id='word_1_58' title='bbox 478 1101 666 1127; x_wconf 75' lang='lat' dir='ltr'>recessus</span> <span class='ocrx_word' id='word_1_59' title='bbox 695 1088 730 1127; x_wconf 91' lang='lat' dir='ltr'>si</span> <span class='ocrx_word' id='word_1_60' title='bbox 752 1089 850 1141; x_wconf 74' lang='lat' dir='ltr'>‘quis</span> <span class='ocrx_word' id='word_1_61' title='bbox 880 1102 925 1128; x_wconf 89' lang='lat' dir='ltr'>se</span> <span class='ocrx_word' id='word_1_62' title='bbox 956 1090 1163 1130; x_wconf 85' lang='lat' dir='ltr'>insinuare</span> <span class='ocrx_word' id='word_1_63' title='bbox 1194 1091 1315 1141; x_wconf 59' lang='lat' dir='ltr'>velit,</span> <span class='ocrx_word' id='word_1_64' title='bbox 1352 1091 1391 1131; x_wconf 89' lang='lat' dir='ltr'>ei</span> <span class='ocrx_word' id='word_1_65' title='bbox 1415 1093 1646 1143; x_wconf 70' lang='lat' dir='ltr'><strong>generatim</strong></span> 
     </span>
     <span class='ocr_line' id='line_1_8' title="bbox 108 1157 1645 1214; baseline 0.003 -15"><span class='ocrx_word' id='word_1_66' title='bbox 108 1173 113 1179; x_wconf 49' lang='lat'>⁸</span> <span class='ocrx_word' id='word_1_67' title='bbox 155 1160 286 1201; x_wconf 82' lang='lat' dir='ltr'>totum</span> <span class='ocrx_word' id='word_1_68' title='bbox 309 1157 516 1212; x_wconf 80' lang='lat' dir='ltr'>Euripidis</span> <span class='ocrx_word' id='word_1_69' title='bbox 544 1170 768 1199; x_wconf 85' lang='lat' dir='ltr'>sermonem</span> <span class='ocrx_word' id='word_1_70' title='bbox 809 1157 867 1198; x_wconf 82' lang='lat' dir='ltr'>ita</span> <span class='ocrx_word' id='word_1_71' title='bbox 887 1210 894 1214; x_wconf 63' lang='lat'>,‚</span> <span class='ocrx_word' id='word_1_72' title='bbox 905 1159 1245 1212; x_wconf 80' lang='lat' dir='ltr'>perscrutandum</span> <span class='ocrx_word' id='word_1_73' title='bbox 1283 1172 1397 1211; x_wconf 78' lang='lat' dir='ltr'>esse,</span> <span class='ocrx_word' id='word_1_74' title='bbox 1433 1162 1482 1202; x_wconf 82' lang='lat' dir='ltr'>ut</span> <span class='ocrx_word' id='word_1_75' title='bbox 1510 1161 1645 1203; x_wconf 89' lang='lat' dir='ltr'>rheto-</span> 
     </span>
     <span class='ocr_line' id='line_1_9' title="bbox 154 1228 1642 1281; baseline 0.002 -13"><span class='ocrx_word' id='word_1_76' title='bbox 154 1228 258 1268; x_wconf 88' lang='lat' dir='ltr'>rices</span> <span class='ocrx_word' id='word_1_77' title='bbox 289 1230 332 1268; x_wconf 88' lang='lat' dir='ltr'>ct</span> <span class='ocrx_word' id='word_1_78' title='bbox 359 1228 567 1268; x_wconf 73' lang='lat' dir='ltr'>Pmdiciae</span> <span class='ocrx_word' id='word_1_79' title='bbox 601 1228 867 1268; x_wconf 81' lang='lat' dir='ltr'>institutionis</span> <span class='ocrx_word' id='word_1_80' title='bbox 894 1229 977 1270; x_wconf 75' lang='lat' dir='ltr'>vim</span> <span class='ocrx_word' id='word_1_81' title='bbox 1006 1229 1174 1281; x_wconf 88' lang='lat' dir='ltr'>indaget</span> <span class='ocrx_word' id='word_1_82' title='bbox 1201 1231 1249 1270; x_wconf 59' lang='lat' dir='ltr'>et&gt;</span> <span class='ocrx_word' id='word_1_83' title='bbox 1274 1230 1417 1270; x_wconf 90' lang='lat' dir='ltr'>urbani</span> <span class='ocrx_word' id='word_1_84' title='bbox 1445 1231 1642 1271; x_wconf 87' lang='lat' dir='ltr'>sermonis</span> 
     </span>
     <span class='ocr_line' id='line_1_10' title="bbox 151 1292 1642 1352; baseline -0.002 -11"><span class='ocrx_word' id='word_1_85' title='bbox 151 1297 297 1341; x_wconf 83' lang='lat' dir='ltr'>indicia</span> <span class='ocrx_word' id='word_1_86' title='bbox 341 1292 527 1352; x_wconf 74' lang='lat' dir='ltr'>coliigat,</span> <span class='ocrx_word' id='word_1_87' title='bbox 573 1296 756 1352; x_wconf 82' lang='lat' dir='ltr'>inprimis</span> <span class='ocrx_word' id='word_1_88' title='bbox 806 1299 942 1339; x_wconf 80' lang='lat' dir='ltr'>autem</span> <span class='ocrx_word' id='word_1_89' title='bbox 979 1297 1145 1352; x_wconf 86' lang='lat' dir='ltr'>figurati</span> <span class='ocrx_word' id='word_1_90' title='bbox 1184 1299 1402 1340; x_wconf 74' lang='lat' dir='ltr'>sermonis-</span> <span class='ocrx_word' id='word_1_91' title='bbox 1437 1299 1642 1352; x_wconf 84' lang='lat' dir='ltr'>ambitum,</span> 
     </span>
     <span class='ocr_line' id='line_1_11' title="bbox 153 1367 1644 1421; baseline 0.002 -13"><span class='ocrx_word' id='word_1_92' title='bbox 153 1369 303 1408; x_wconf 81' lang='lat' dir='ltr'>deinde</span> <span class='ocrx_word' id='word_1_93' title='bbox 329 1367 729 1421; x_wconf 88' lang='lat' dir='ltr'>comprehensionum</span> <span class='ocrx_word' id='word_1_94' title='bbox 756 1368 956 1417; x_wconf 80' lang='lat' dir='ltr'>rationes,</span> <span class='ocrx_word' id='word_1_95' title='bbox 986 1368 1301 1420; x_wconf 84' lang='lat' dir='ltr'>significationes</span> <span class='ocrx_word' id='word_1_96' title='bbox 1331 1382 1378 1409; x_wconf 87' lang='lat' dir='ltr'>ac</span> <span class='ocrx_word' id='word_1_97' title='bbox 1407 1370 1644 1414; x_wconf 83' lang='lat' dir='ltr'>thesaurum</span> 
     </span>
     <span class='ocr_line' id='line_1_12' title="bbox 150 1436 1643 1492; baseline 0.001 -14"><span class='ocrx_word' id='word_1_98' title='bbox 150 1438 439 1485; x_wconf 86' lang='lat' dir='ltr'>vocabulorum</span> <span class='ocrx_word' id='word_1_99' title='bbox 467 1437 645 1477; x_wconf 84' lang='lat' dir='ltr'>illustret</span> <span class='ocrx_word' id='word_1_100' title='bbox 678 1438 722 1477; x_wconf 88' lang='lat' dir='ltr'>et</span> <span class='ocrx_word' id='word_1_101' title='bbox 749 1448 852 1490; x_wconf 84' lang='lat' dir='ltr'>quae</span> <span class='ocrx_word' id='word_1_102' title='bbox 887 1448 994 1481; x_wconf 82' lang='lat' dir='ltr'>nova</span> <span class='ocrx_word' id='word_1_103' title='bbox 1033 1439 1119 1478; x_wconf 89' lang='lat' dir='ltr'>tam</span> <span class='ocrx_word' id='word_1_104' title='bbox 1159 1436 1202 1477; x_wconf 92' lang='lat' dir='ltr'>in</span> <span class='ocrx_word' id='word_1_105' title='bbox 1239 1438 1403 1479; x_wconf 88' lang='lat' dir='ltr'>canticis</span> <span class='ocrx_word' id='word_1_106' title='bbox 1439 1451 1559 1492; x_wconf 86' lang='lat' dir='ltr'>quam</span> <span class='ocrx_word' id='word_1_107' title='bbox 1600 1440 1643 1480; x_wconf 89' lang='lat' dir='ltr'>in</span> 
     </span>
     <span class='ocr_line' id='line_1_13' title="bbox 152 1495 1642 1559; baseline 0 -12"><span class='ocrx_word' id='word_1_108' title='bbox 152 1507 343 1547; x_wconf 83' lang='lat' dir='ltr'>diverbiis</span> <span class='ocrx_word' id='word_1_109' title='bbox 393 1507 461 1547; x_wconf 88' lang='lat' dir='ltr'>ille</span> <span class='ocrx_word' id='word_1_110' title='bbox 479 1496 490 1515; x_wconf 77' lang='lat'>⁸</span> <span class='ocrx_word' id='word_1_111' title='bbox 512 1495 748 1559; x_wconf 85' lang='lat' dir='ltr'>protulerit,</span> <span class='ocrx_word' id='word_1_112' title='bbox 799 1506 1035 1557; x_wconf 79' lang='lat' dir='ltr'>singulatim</span> <span class='ocrx_word' id='word_1_113' title='bbox 1087 1509 1260 1547; x_wconf 85' lang='lat' dir='ltr'>enarret.</span> <span class='ocrx_word' id='word_1_114' title='bbox 1339 1506 1455 1547; x_wconf 90' lang='lat' dir='ltr'>Haec</span> <span class='ocrx_word' id='word_1_115' title='bbox 1505 1509 1642 1548; x_wconf 88' lang='lat' dir='ltr'>autem</span> 
     </span>
     <span class='ocr_line' id='line_1_14' title="bbox 151 1575 1639 1631; baseline 0 -14"><span class='ocrx_word' id='word_1_116' title='bbox 151 1577 284 1617; x_wconf 84' lang='lat' dir='ltr'>omnia</span> <span class='ocrx_word' id='word_1_117' title='bbox 313 1577 349 1616; x_wconf 86' lang='lat' dir='ltr'>si</span> <span class='ocrx_word' id='word_1_118' title='bbox 375 1576 463 1629; x_wconf 89' lang='lat' dir='ltr'>pari</span> <span class='ocrx_word' id='word_1_119' title='bbox 494 1576 704 1631; x_wconf 70' lang='lat' dir='ltr'>diligentia</span> <span class='ocrx_word' id='word_1_120' title='bbox 734 1576 944 1628; x_wconf 80' lang='lat' dir='ltr'>complecti</span> <span class='ocrx_word' id='word_1_121' title='bbox 973 1575 1143 1627; x_wconf 83' lang='lat' dir='ltr'>vellem,</span> <span class='ocrx_word' id='word_1_122' title='bbox 1174 1589 1298 1628; x_wconf 88' lang='lat' dir='ltr'>quum</span> <span class='ocrx_word' id='word_1_123' title='bbox 1329 1576 1381 1616; x_wconf 91' lang='lat' dir='ltr'>de</span> <span class='ocrx_word' id='word_1_124' title='bbox 1410 1575 1639 1626; x_wconf 84' lang='lat' dir='ltr'>diversissi-</span> 
     </span>
     <span class='ocr_line' id='line_1_15' title="bbox 148 1640 1639 1698; baseline 0 -12"><span class='ocrx_word' id='word_1_125' title='bbox 148 1647 225 1686; x_wconf 87' lang='lat' dir='ltr'>mis</span> <span class='ocrx_word' id='word_1_126' title='bbox 256 1647 378 1686; x_wconf 87' lang='lat' dir='ltr'>rebus</span> <span class='ocrx_word' id='word_1_127' title='bbox 406 1646 683 1698; x_wconf 89' lang='lat' dir='ltr'>quaestionem</span> <span class='ocrx_word' id='word_1_128' title='bbox 709 1647 915 1697; x_wconf 71' lang='lat' dir='ltr'>oporteret</span> <span class='ocrx_word' id='word_1_129' title='bbox 941 1645 1049 1685; x_wconf 86' lang='lat' dir='ltr'>iusto</span> <span class='ocrx_word' id='word_1_130' title='bbox 1076 1640 1315 1698; x_wconf 82' lang='lat' dir='ltr'>ampliorem</span> <span class='ocrx_word' id='word_1_131' title='bbox 1344 1644 1524 1695; x_wconf 82' lang='lat' dir='ltr'>institui,</span> <span class='ocrx_word' id='word_1_132' title='bbox 1553 1646 1639 1686; x_wconf 89' lang='lat' dir='ltr'>fini-</span> 
     </span>
     <span class='ocr_line' id='line_1_16' title="bbox 150 1713 1641 1768; baseline 0.001 -13"><span class='ocrx_word' id='word_1_133' title='bbox 150 1716 226 1755; x_wconf 91' lang='lat' dir='ltr'>bus</span> <span class='ocrx_word' id='word_1_134' title='bbox 267 1714 568 1767; x_wconf 83' lang='lat' dir='ltr'>angustioribus</span> <span class='ocrx_word' id='word_1_135' title='bbox 609 1727 675 1753; x_wconf 89' lang='lat' dir='ltr'>me</span> <span class='ocrx_word' id='word_1_136' title='bbox 705 1713 900 1754; x_wconf 82' lang='lat' dir='ltr'>continui.</span> <span class='ocrx_word' id='word_1_137' title='bbox 969 1713 1131 1754; x_wconf 85' lang='lat' dir='ltr'>Partem</span> <span class='ocrx_word' id='word_1_138' title='bbox 1172 1713 1301 1766; x_wconf 86' lang='lat' dir='ltr'>igitur</span> <span class='ocrx_word' id='word_1_139' title='bbox 1326 1714 1641 1768; x_wconf 76' lang='lat' dir='ltr'>‘suscipiendam</span> 
     </span>
     <span class='ocr_line' id='line_1_17' title="bbox 149 1772 1641 1837; baseline 0 -13"><span class='ocrx_word' id='word_1_140' title='bbox 149 1786 280 1825; x_wconf 76' lang='lat' dir='ltr'>ratus·</span> <span class='ocrx_word' id='word_1_141' title='bbox 322 1783 623 1825; x_wconf 81' lang='lat' dir='ltr'>vocabulorum.</span> <span class='ocrx_word' id='word_1_142' title='bbox 670 1772 906 1823; x_wconf 82' lang='lat' dir='ltr'>thesaurum</span> <span class='ocrx_word' id='word_1_143' title='bbox 953 1783 1012 1823; x_wconf 85' lang='lat' dir='ltr'>ita</span> <span class='ocrx_word' id='word_1_144' title='bbox 1054 1783 1336 1837; x_wconf 76' lang='lat' dir='ltr'>pervestigare</span> <span class='ocrx_word' id='word_1_145' title='bbox 1386 1783 1532 1833; x_wconf 79' lang='lat' dir='ltr'>statui,</span> <span class='ocrx_word' id='word_1_146' title='bbox 1594 1786 1641 1824; x_wconf 91' lang='lat' dir='ltr'>ut</span> 
     </span>
     <span class='ocr_line' id='line_1_18' title="bbox 151 1851 1650 1910; baseline -0.001 -16"><span class='ocrx_word' id='word_1_147' title='bbox 151 1866 254 1907; x_wconf 88' lang='lat' dir='ltr'>quae</span> <span class='ocrx_word' id='word_1_148' title='bbox 293 1857 415 1907; x_wconf 87' lang='lat' dir='ltr'>poeta</span> <span class='ocrx_word' id='word_1_149' title='bbox 450 1866 473 1892; x_wconf 91' lang='lat' dir='ltr'>e</span> <span class='ocrx_word' id='word_1_150' title='bbox 513 1852 787 1906; x_wconf 84' lang='lat' dir='ltr'>superioribus</span> <span class='ocrx_word' id='word_1_151' title='bbox 828 1852 1083 1907; x_wconf 84' lang='lat' dir='ltr'>potissimum</span> <span class='ocrx_word' id='word_1_152' title='bbox 1117 1851 1324 1906; x_wconf 74' lang='lat' dir='ltr'>Aeschylo</span> <span class='ocrx_word' id='word_1_153' title='bbox 1363 1851 1650 1910; x_wconf 31' lang='lat' dir='ltr'>acASophocle</span> 
     </span>
     <span class='ocr_line' id='line_1_19' title="bbox 149 1922 1640 1975; baseline -0.001 -12"><span class='ocrx_word' id='word_1_154' title='bbox 149 1923 337 1963; x_wconf 86' lang='lat' dir='ltr'>traducta</span> <span class='ocrx_word' id='word_1_155' title='bbox 367 1924 512 1975; x_wconf 88' lang='lat' dir='ltr'>suopte</span> <span class='ocrx_word' id='word_1_156' title='bbox 548 1922 711 1974; x_wconf 86' lang='lat' dir='ltr'>ingenio</span> <span class='ocrx_word' id='word_1_157' title='bbox 741 1922 938 1973; x_wconf 83' lang='lat' dir='ltr'>novisque</span> <span class='ocrx_word' id='word_1_158' title='bbox 967 1922 1145 1961; x_wconf 79' lang='lat' dir='ltr'>inventis</span> <span class='ocrx_word' id='word_1_159' title='bbox 1167 1924 1299 1968; x_wconf 51' lang='lat' dir='ltr'>¹aucta</span> <span class='ocrx_word' id='word_1_160' title='bbox 1336 1922 1640 1975; x_wconf 78' lang='lat' dir='ltr'>propagaverit,</span> 
     </span>
     <span class='ocr_line' id='line_1_20' title="bbox 149 1989 1677 2044; baseline -0.001 -13"><span class='ocrx_word' id='word_1_161' title='bbox 149 1991 192 2032; x_wconf 90' lang='lat' dir='ltr'>in</span> <span class='ocrx_word' id='word_1_162' title='bbox 228 1991 388 2033; x_wconf 81' lang='lat' dir='ltr'>ordines</span> <span class='ocrx_word' id='word_1_163' title='bbox 429 1991 590 2044; x_wconf 82' lang='lat' dir='ltr'>digesta</span> <span class='ocrx_word' id='word_1_164' title='bbox 634 1990 884 2031; x_wconf 82' lang='lat' dir='ltr'>deducerem.</span> <span class='ocrx_word' id='word_1_165' title='bbox 910 2028 915 2031; x_wconf 86' lang='grc'><em>,</em></span> <span class='ocrx_word' id='word_1_166' title='bbox 966 1989 1088 2038; x_wconf 83' lang='lat' dir='ltr'>Quod</span> <span class='ocrx_word' id='word_1_167' title='bbox 1125 1990 1336 2042; x_wconf 74' lang='lat' dir='ltr'>negotium</span> <span class='ocrx_word' id='word_1_168' title='bbox 1379 1990 1637 2043; x_wconf 86' lang='lat' dir='ltr'>postmodum</span> <span class='ocrx_word' id='word_1_169' title='bbox 1674 2034 1677 2037; x_wconf 65' lang='grc'>,</span> 
     </span>
    </p>
   </div>
   <div class='ocr_carea' id='block_1_2' title="bbox 148 2055 1713 2124">
    <p class='ocr_par' dir='ltr' id='par_1_2' title="bbox 148 2055 1713 2124">
     <span class='ocr_line' id='line_1_21' title="bbox 148 2055 1713 2124; baseline -0.001 -23"><span class='ocrx_word' id='word_1_170' title='bbox 148 2062 279 2113; x_wconf 85' lang='lat' dir='ltr'>magis</span> <span class='ocrx_word' id='word_1_171' title='bbox 314 2061 435 2102; x_wconf 88' lang='lat' dir='ltr'>etiam</span> <span class='ocrx_word' id='word_1_172' title='bbox 473 2060 783 2113; x_wconf 78' lang='lat' dir='ltr'>circumscripsi,</span> <span class='ocrx_word' id='word_1_173' title='bbox 819 2072 1016 2112; x_wconf 88' lang='lat' dir='ltr'>-quaeque</span> <span class='ocrx_word' id='word_1_174' title='bbox 1042 2055 1274 2113; x_wconf 67' lang='lat' dir='ltr'>&#39;Euripides</span> <span class='ocrx_word' id='word_1_175' title='bbox 1313 2060 1403 2100; x_wconf 84' lang='lat' dir='ltr'>aliis</span> <span class='ocrx_word' id='word_1_176' title='bbox 1443 2059 1634 2099; x_wconf 81' lang='lat' dir='ltr'>debuisse</span> <span class='ocrx_word' id='word_1_177' title='bbox 1682 2108 1713 2124; x_wconf 43' lang='lat' dir='ltr'><em>r</em></span> 
     </span>
    </p>
   </div>
   <div class='ocr_carea' id='block_1_3' title="bbox 146 2128 1636 2600">
    <p class='ocr_par' dir='ltr' id='par_1_3' title="bbox 146 2128 1636 2600">
     <span class='ocr_line' id='line_1_22' title="bbox 148 2128 1636 2192; baseline -0.001 -20"><span class='ocrx_word' id='word_1_178' title='bbox 148 2131 330 2181; x_wconf 82' lang='lat' dir='ltr'>videtur,</span> <span class='ocrx_word' id='word_1_179' title='bbox 357 2143 497 2171; x_wconf 85' lang='lat' dir='ltr'>eorum</span> <span class='ocrx_word' id='word_1_180' title='bbox 524 2130 726 2192; x_wconf 72' lang='lat' dir='ltr'>delectum</span> <span class='ocrx_word' id='word_1_181' title='bbox 754 2128 934 2181; x_wconf 85' lang='lat' dir='ltr'>institui,</span> <span class='ocrx_word' id='word_1_182' title='bbox 978 2128 1037 2169; x_wconf 86' lang='lat' dir='ltr'>sic</span> <span class='ocrx_word' id='word_1_183' title='bbox 1065 2130 1113 2169; x_wconf 89' lang='lat' dir='ltr'>ut</span> <span class='ocrx_word' id='word_1_184' title='bbox 1140 2128 1309 2169; x_wconf 84' lang='lat' dir='ltr'>auctarii</span> <span class='ocrx_word' id='word_1_185' title='bbox 1336 2129 1468 2169; x_wconf 84' lang='lat' dir='ltr'>instar</span> <span class='ocrx_word' id='word_1_186' title='bbox 1495 2130 1636 2170; x_wconf 83' lang='lat' dir='ltr'>certis-</span> 
     </span>
     <span class='ocr_line' id='line_1_23' title="bbox 149 2198 1635 2252; baseline 0 -13"><span class='ocrx_word' id='word_1_187' title='bbox 149 2199 272 2239; x_wconf 86' lang='lat' dir='ltr'>simas</span> <span class='ocrx_word' id='word_1_188' title='bbox 304 2212 427 2239; x_wconf 83' lang='lat' dir='ltr'>voces</span> <span class='ocrx_word' id='word_1_189' title='bbox 474 2198 708 2238; x_wconf 86' lang='lat' dir='ltr'>exhiberem</span> <span class='ocrx_word' id='word_1_190' title='bbox 745 2209 951 2250; x_wconf 86' lang='lat' dir='ltr'>nunquam</span> <span class='ocrx_word' id='word_1_191' title='bbox 990 2200 1063 2237; x_wconf 81' lang='lat' dir='ltr'>aut</span> <span class='ocrx_word' id='word_1_192' title='bbox 1107 2206 1202 2238; x_wconf 81' lang='lat' dir='ltr'>ra&#39;ro</span> <span class='ocrx_word' id='word_1_193' title='bbox 1250 2200 1346 2250; x_wconf 87' lang='lat' dir='ltr'>post</span> <span class='ocrx_word' id='word_1_194' title='bbox 1396 2198 1635 2252; x_wconf 85' lang='lat' dir='ltr'>Euripidem</span> 
     </span>
     <span class='ocr_line' id='line_1_24' title="bbox 146 2265 1633 2322; baseline -0.001 -12"><span class='ocrx_word' id='word_1_195' title='bbox 146 2271 383 2322; x_wconf 83' lang='lat' dir='ltr'>usurpatas,</span> <span class='ocrx_word' id='word_1_196' title='bbox 412 2269 465 2308; x_wconf 85' lang='lat' dir='ltr'>ad</span> <span class='ocrx_word' id='word_1_197' title='bbox 491 2268 663 2309; x_wconf 33' lang='lat' dir='ltr'>alteram*</span> <span class='ocrx_word' id='word_1_198' title='bbox 680 2269 823 2308; x_wconf 85' lang='lat' dir='ltr'>autem</span> <span class='ocrx_word' id='word_1_199' title='bbox 844 2265 1091 2321; x_wconf 86' lang='lat' dir='ltr'>quaestionis</span> <span class='ocrx_word' id='word_1_200' title='bbox 1119 2267 1277 2321; x_wconf 84' lang='lat' dir='ltr'>partem</span> <span class='ocrx_word' id='word_1_201' title='bbox 1290 2298 1303 2318; x_wconf 93' lang='lat'>,</span> <span class='ocrx_word' id='word_1_202' title='bbox 1330 2279 1435 2321; x_wconf 82' lang='lat' dir='ltr'>quae</span> <span class='ocrx_word' id='word_1_203' title='bbox 1464 2267 1516 2309; x_wconf 84' lang='lat' dir='ltr'>ad</span> <span class='ocrx_word' id='word_1_204' title='bbox 1542 2281 1633 2309; x_wconf 85' lang='lat' dir='ltr'>ver-</span> 
     </span>
     <span class='ocr_line' id='line_1_25' title="bbox 147 2336 1635 2391; baseline 0 -12"><span class='ocrx_word' id='word_1_205' title='bbox 147 2340 288 2379; x_wconf 87' lang='lat' dir='ltr'>borum</span> <span class='ocrx_word' id='word_1_206' title='bbox 316 2338 508 2378; x_wconf 80' lang='lat' dir='ltr'>fabricam</span> <span class='ocrx_word' id='word_1_207' title='bbox 538 2339 718 2391; x_wconf 85' lang='lat' dir='ltr'>spectat,</span> <span class='ocrx_word' id='word_1_208' title='bbox 756 2336 974 2378; x_wconf 85' lang='lat' dir='ltr'>intentiore</span> <span class='ocrx_word' id='word_1_209' title='bbox 1005 2336 1138 2390; x_wconf 84' lang='lat' dir='ltr'>studio</span> <span class='ocrx_word' id='word_1_210' title='bbox 1177 2336 1461 2377; x_wconf 86' lang='lat' dir='ltr'>incumberem.</span> <span class='ocrx_word' id='word_1_211' title='bbox 1517 2337 1635 2379; x_wconf 88' lang='lat' dir='ltr'>Haec</span> 
     </span>
     <span class='ocr_line' id='line_1_26' title="bbox 147 2404 1633 2461; baseline 0 -12"><span class='ocrx_word' id='word_1_212' title='bbox 147 2409 254 2450; x_wconf 89' lang='lat' dir='ltr'>enim</span> <span class='ocrx_word' id='word_1_213' title='bbox 280 2410 328 2449; x_wconf 88' lang='lat' dir='ltr'>ut</span> <span class='ocrx_word' id='word_1_214' title='bbox 356 2407 574 2461; x_wconf 88' lang='lat' dir='ltr'>plurimum</span> <span class='ocrx_word' id='word_1_215' title='bbox 603 2407 757 2449; x_wconf 81' lang='lat' dir='ltr'>confert</span> <span class='ocrx_word' id='word_1_216' title='bbox 783 2405 836 2447; x_wconf 88' lang='lat' dir='ltr'>ad</span> <span class='ocrx_word' id='word_1_217' title='bbox 851 2404 1187 2459; x_wconf 69' lang='lat' dir='ltr'>,intelligendum</span> <span class='ocrx_word' id='word_1_218' title='bbox 1200 2405 1302 2448; x_wconf 86' lang='lat' dir='ltr'>illud</span> <span class='ocrx_word' id='word_1_219' title='bbox 1330 2406 1537 2461; x_wconf 82' lang='lat' dir='ltr'>Dionysii,</span> <span class='ocrx_word' id='word_1_220' title='bbox 1575 2407 1633 2449; x_wconf 89' lang='lat' dir='ltr'>ita</span> 
     </span>
     <span class='ocr_line' id='line_1_27' title="bbox 146 2475 1631 2533; baseline -0.001 -14"><span class='ocrx_word' id='word_1_221' title='bbox 146 2481 241 2533; x_wconf 88' lang='lat' dir='ltr'>post</span> <span class='ocrx_word' id='word_1_222' title='bbox 270 2478 430 2518; x_wconf 80' lang='lat' dir='ltr'>labores</span> <span class='ocrx_word' id='word_1_223' title='bbox 471 2490 565 2528; x_wconf 86' lang='lat' dir='ltr'>eos,</span> <span class='ocrx_word' id='word_1_224' title='bbox 601 2490 702 2529; x_wconf 88' lang='lat' dir='ltr'>quos</span> <span class='ocrx_word' id='word_1_225' title='bbox 731 2476 936 2530; x_wconf 78' lang='lat' dir='ltr'>Aeschylo</span> <span class='ocrx_word' id='word_1_226' title='bbox 965 2479 1008 2516; x_wconf 84' lang='lat' dir='ltr'>et</span> <span class='ocrx_word' id='word_1_227' title='bbox 1036 2475 1224 2530; x_wconf 81' lang='lat' dir='ltr'>Sophocli</span> <span class='ocrx_word' id='word_1_228' title='bbox 1260 2477 1469 2518; x_wconf 85' lang='lat' dir='ltr'>doctorum</span> <span class='ocrx_word' id='word_1_229' title='bbox 1507 2478 1631 2518; x_wconf 89' lang='lat' dir='ltr'>homi-</span> 
     </span>
     <span class='ocr_line' id='line_1_28' title="bbox 146 2545 1630 2600; baseline -0.002 -10"><span class='ocrx_word' id='word_1_230' title='bbox 146 2562 244 2590; x_wconf 91' lang='lat' dir='ltr'>num</span> <span class='ocrx_word' id='word_1_231' title='bbox 271 2547 471 2589; x_wconf 85' lang='lat' dir='ltr'>industria</span> <span class='ocrx_word' id='word_1_232' title='bbox 502 2547 689 2599; x_wconf 74' lang='lat' dir='ltr'>navavit,</span> <span class='ocrx_word' id='word_1_233' title='bbox 728 2545 977 2589; x_wconf 77' lang='lat' dir='ltr'>consimilem</span> <span class='ocrx_word' id='word_1_234' title='bbox 1006 2559 1170 2600; x_wconf 86' lang='lat' dir='ltr'>operam</span> <span class='ocrx_word' id='word_1_235' title='bbox 1198 2546 1348 2600; x_wconf 86' lang='lat' dir='ltr'>poscit,</span> <span class='ocrx_word' id='word_1_236' title='bbox 1377 2560 1454 2600; x_wconf 89' lang='lat' dir='ltr'>quo</span> <span class='ocrx_word' id='word_1_237' title='bbox 1484 2545 1630 2587; x_wconf 83' lang='lat' dir='ltr'>clarius</span> 
     </span>
    </p>
   </div>
   <div class='ocr_carea' id='block_1_4' title="bbox 147 2652 485 2660">
    <p class='ocr_par' dir='ltr' id='par_1_4' title="bbox 147 2652 485 2660">
     <span class='ocr_line' id='line_1_29' title="bbox 147 2652 485 2660; baseline 0 473"><span class='ocrx_word' id='word_1_238' title='bbox 147 2652 485 2660; x_wconf 95' lang='lat' dir='ltr'> </span> 
     </span>
    </p>
   </div>
   <div class='ocr_carea' id='block_1_5' title="bbox 147 2686 1631 2814">
    <p class='ocr_par' dir='ltr' id='par_1_5' title="bbox 147 2686 1631 2814">
     <span class='ocr_line' id='line_1_30' title="bbox 242 2686 1631 2756; baseline -0.004 -10"><span class='ocrx_word' id='word_1_239' title='bbox 242 2690 288 2756; x_wconf 45' lang='lat'>1)&#39;</span> <span class='ocrx_word' id='word_1_240' title='bbox 303 2709 397 2745; x_wconf 86' lang='lat' dir='ltr'>Huic</span> <span class='ocrx_word' id='word_1_241' title='bbox 417 2705 625 2744; x_wconf 85' lang='lat' dir='ltr'>testimonio</span> <span class='ocrx_word' id='word_1_242' title='bbox 650 2706 844 2744; x_wconf 76' lang='lat' dir='ltr'>succedant</span> <span class='ocrx_word' id='word_1_243' title='bbox 865 2706 1015 2743; x_wconf 80' lang='lat' dir='ltr'>Aristot.</span> <span class='ocrx_word' id='word_1_244' title='bbox 1040 2706 1145 2744; x_wconf 70' lang='lat' dir='ltr'>Rhet.</span> <span class='ocrx_word' id='word_1_245' title='bbox 1165 2706 1233 2749; x_wconf 76' lang='grc' dir='ltr'>ΠΙ,</span> <span class='ocrx_word' id='word_1_246' title='bbox 1259 2686 1293 2747; x_wconf 68' lang='grc'>2,</span> <span class='ocrx_word' id='word_1_247' title='bbox 1317 2706 1342 2741; x_wconf 87' lang='lat'>5</span> <span class='ocrx_word' id='word_1_248' title='bbox 1365 2705 1404 2740; x_wconf 84' lang='lat' dir='ltr'>et</span> <span class='ocrx_word' id='word_1_249' title='bbox 1427 2704 1631 2741; x_wconf 78' lang='lat' dir='ltr'>observatio</span> 
     </span>
     <span class='ocr_line' id='line_1_31' title="bbox 147 2765 999 2814; baseline -0.004 -11"><span class='ocrx_word' id='word_1_250' title='bbox 147 2767 304 2814; x_wconf 85' lang='lat' dir='ltr'>Longini</span> <span class='ocrx_word' id='word_1_251' title='bbox 327 2778 354 2803; x_wconf 88' lang='lat' dir='ltr'>c.</span> <span class='ocrx_word' id='word_1_252' title='bbox 379 2766 427 2804; x_wconf 85' lang='lat'>40</span> <span class='ocrx_word' id='word_1_253' title='bbox 450 2766 494 2802; x_wconf 84' lang='lat' dir='ltr'>de</span> <span class='ocrx_word' id='word_1_254' title='bbox 517 2774 706 2802; x_wconf 77' lang='lat' dir='ltr'>numerosa</span> <span class='ocrx_word' id='word_1_255' title='bbox 732 2765 999 2812; x_wconf 53' lang='lat' dir='ltr'>compositione,</span> 
     </span>
    </p>
   </div>
  </div>
 </body>
</html>
