1857 3133
91 104 264 170 ⁸14⁸

138 245 258 287 Herc.
286 246 310 285 f.
343 247 468 297 1041,
495 246 642 287 Phoen.
671 248 756 286 844
781 246 859 287 vid.
887 247 984 288 Lob.
1010 247 1157 302 Phryn.
1186 260 1223 300 p.
1248 250 1352 298 701,
1376 248 1557 301 Hesych.
1584 252 1627 288 et

140 313 275 365 Suid,
300 326 426 368 quum
452 315 534 358 iam
563 314 803 357 Herodotus
817 314 886 369 11,
907 320 989 361 123
1022 310 1272 375 περιήλυσιν
1301 318 1452 361 dixerit
1479 318 1626 360 anima·

137 396 229 423 rum
257 384 561 437 migrationem,
588 386 740 426 rectius
767 386 932 440 ling-uae
958 388 1052 430 usui
1083 399 1202 440 quam
1229 386 1438 440 Euripidis
1465 388 1633 441 ingenio

137 453 310 504 tribuas3
349 467 482 508 neque
521 446 613 512 ἦξις
647 454 796 497 Τωαά.
829 459 935 507 396,
984 457 1053 498 ubi
1090 470 1197 498 nunc
1233 447 1317 509 ἵξις
1347 456 1527 511 legitur,
1575 469 1628 498 an

137 522 403 576 Euripideum
431 524 504 575 sit,
535 525 636 565 satis
666 528 847 576 constat,
873 537 1115 579 quamquam
1143 539 1237 567 esse
1265 518 1363 569 ἀντὶ
1380 527 1458 573 ποῦ
1479 521 1629 582 αφιξις

138 588 325 643 Antiatt.
336 592 468 634 Bekk.
493 557 544 635 'A„
570 591 620 636 G.
650 609 689 649 p.
725 597 801 645 99,
832 597 858 635 4
896 594 1126 637 testimonio
1162 595 1419 647 adfirmatur,
1469 595 1512 636 in
1548 609 1627 649 quo

137 663 307 704 vixdum
326 666 518 717 superest
535 665 728 714 inventio,
758 666 970 718 postquam
990 659 1178 721 πάρηξις
1197 665 1428 718 praeiverat
1445 665 1628 717 Aeschy-

136 733 203 774 lus
231 731 312 786 Ag.
342 731 485 786 534..¹)
517 754 572 764 -—
632 733 700 775 Ex
730 733 872 776 Rheso
899 734 1086 788 excerpsi
1114 734 1296 775 unicum:
1335 729 1463 790 ἅησις
1489 735 1513 760 *
1543 736 1627 776 417

127 801 275 856 flatus.
337 802 530 845 Ceterum
557 804 659 845 haec
687 803 819 844 omnia
843 803 896 844 in·
913 803 1118 845 diverbiis
1132 806 1358 845 oecurrunt.
1465 827 1467 830 v
1565 824 1581 833 -

255 870 336 912 His
359 872 488 932 igitur
517 872 753 923 transactis,
795 884 899 927 quae
937 872 1170 926 ambiguum
1208 873 1274 913 est
1311 872 1444 926 quoad
1469 872 1631 914 omnino

139 941 390 994 tragoediam
419 942 609 992 deceant,
640 942 789 995 ingens
829 942 996 983 accedat
1024 954 1199 984 examen
1219 945 1464 986 *neutrorum
1491 943 1535 984 in
1562 943 1632 999 ᾗ,

138 1011 284 1065 quibus
312 1012 643 1052 ornamentorum
668 1011 817 1051 instar
831 1024 932 1052 usus
962 1014 1005 1052 et
1031 1012 1073 1051 iu
1103 1011 1257 1055 cunctis
1285 1011 1511 1069 fabularum
1533 1023 1632 1066 par

138 1082 247 1123 tibus
275 1080 377 1122 adeo
411 1081 638 1123 delectatus
665 1084 729 1122 est
755 1081 996 1136 Euripides,
1034 1084 1081 1122 ut
1115 1082 1355 1135 mag-istrum
1381 1082 1632 1136 Aeschylum

139 1151 176 1191 si
215 1164 295 1203 quo
332 1135 433 1191 alio
449 1152 525 1191 hoo
561 1153 673 1191 certe
707 1150 868 1191 nomine
903 1151 1226 1204 aequipararet,
1267 1149 1398 1192 Simul
1438 1151 1508 1205 qui
1537 1152 1633 1205 post

137 1233 232 1261 eum
260 1220 556 1274 sequebantur,
584 1220 706 1261 huius
736 1220 877 1261 sedulo
907 1219 1086 1273 vestig-ia
1113 1222 1374 1275 pressemnt,
1415 1222 1463 1261 ut
1492 1220 1562 1262 vel
1589 1220 1632 1261 in

137 1289 266 1331 curtis
303 1290 575 1345 posteriorum
611 1289 859 1343 tragicorum
888 1289 1129 1343 fragmentis
1152 1289 1358 1345 Euripidis
1385 1291 1632 1347 χαρακτῆρα
1689 1317 1695 1325 »

139 1372 348 1413 agnoscas.
362 1357 397 1411 ²)
427 1360 543 1401 Iacet
573 1360 680 1400 enim
710 1360 946 1401 terminatio
967 1361 1069 1401 haec
1095 1360 1138 1401 in
1168 1350 1508 1413 significationum
1536 1373 1632 1416 qua-

138 1430 310 1472 rundam
339 1430 542 1476 confiniis.
573 1444 695 1485 quum
725 1432 767 1472 et
795 1430 993 1472 actionem
1013 1431 1216 1485 exprimat
1234 1433 1278 1473 et
1297 1431 1466 1473 actionis
1485 1431 1632 1473 instru-

136 1503 277 1541 menta
306 1503 350 1541 et
377 1512 481 1555 quae
508 1500 613 1541 fiunt
643 1500 800 1541 actione
821 1501 865 1540 et
883 1512 1117 1554 personam,
1142 1500 1186 1541 in
1213 1512 1334 1554 qnam
1364 1501 1511 1542 transit
1528 1502 1633 1545 actio

139 1573 200 1622 et,
239 1582 482 1623 quamquam
522 1570 676 1621 rarius,
712 1572 923 1622 agentem:
966 1583 1015 1610 ae
1053 1570 1239 1623 personis
1264 1571 1427 1624 quidem
1453 1571 1632 1613 libentis-

139 1640 241 1680 sime
281 1639 468 1680 attribuit
504 1638 743 1693 Euripides;
795 1638 994 1679 actionem
1033 1640 1171 1679 autem
1206 1639 1283 1680 hoc
1320 1639 1514 1681 suffixum
1554 1641 1634 1683 alia

138 1710 314 1763 quadam
341 1709 497 1750 ratione
527 1721 574 1749 ac
600 1711 737 1749 cetera
765 1708 971 1762 proponit;
1014 1721 1145 1762 neque
1175 1709 1282 1749 enim
1315 1704 1484 1763 δίωγμα
1513 1711 1634 1764 plane

138 1779 247 1820 idem
266 1791 360 1820 esse
387 1778 627 1820 crediderim
647 1778 755 1831 quod
775 1780 841 1818 est
860 1771 1065 1831 διωγμόςε
1100 1778 1220 1818 immo
1242 1791 1339 1819 vero
1359 1777 1447 1828 hoc,
1468 1780 1639 1831 quantu-

138 1852 382 1903 lumcunque
412 1849 498 1898 est,
529 1847 769 1888 discriminis
800 1848 1000 1896 statuam,
1041 1850 1088 1886 ut
1117 1842 1291 1900 δίωγμα·
1314 1849 1357 1887 et
1387 1848 1531 1888 similia
1558 1860 1639 1889 non

138 2012 260 2050 nescio
284 2014 408 2049 tamen
441 2021 488 2047 an
510 2009 619 2056 paulo
644 2008 810 2056 cupidius
839 2008 931 2045 talia
963 2008 1186 2045 affectaverit
1222 2018 1287 2054 pro
1317 2008 1491 2046 sermonis
1517 2008 1638 2046 indole

139 2071 350 2118 Euripides3
375 2080 491 2116 neque
516 2079 589 2105 non
615 2068 729 2104 sentis
751 2067 934 2104 interdum
950 2066 1243 2113 Aristophanem·
1256 2068 1357 2102 ἐπῶν
1381 2066 1638 2115 γωνιασμούςε

139 2131 284 2176 praeter
313 2128 480 2176 vulgaria
503 2127 599 2164 enim
623 2126 695 2163 vid.
723 2126 809 2162 Lob.
843 2125 1003 2171 Paralip.
1027 2137 1061 2171 p.
1085 2125 1157 2163 505
1173 2135 1247 2171 seq⁴
1271 2124 1389 2163 multa
1411 2124 1503 2161 dixit
1525 2135 1639 2168 nove3

139 2198 322 2236 quumque
364 2188 460 2229 δέξις
499 2187 537 2222 et
569 2183 702 2235 κρύψις
739 2184 823 2221 huic
854 2182 1009 2227 artificio
1048 2182 1267 2226 debeantur,
1301 2182 1341 2219 in
1378 2185 1549 2230 promptu
1582 2184 1640 2219 est

139 2246 313 2293 suspicio,
338 2244 461 2282 deberi
486 2244 596 2281 etiam
620 2241 841 2288 συνάντησις
872 2242 947 2279 Ιοιι.
972 2241 1062 2279 534:
1098 2241 1166 2277 τὸν
1194 2239 1473 2285 συναντήσαντά
1499 2255 1567 2288 μοι
1593 2261 1637 2266 -

138 2309 223 2341 τίνα
259 2303 505 2349 συῆιάντησιη
539 2302 584 2339 de
613 2312 684 2348 quo
716 2300 842 2338 dubito
877 2299 1095 2347 paullisper,
1133 2309 1220 2335 nam
1248 2299 1285 2336 et
1316 2298 1576 2346 Hippocratem
1602 2299 1640 2346 qt

139 2362 274 2398 multos
308 2363 437 2408 postea
465 2360 598 2414 habere
635 2359 750 2396 lexica
781 2358 953 2395 traduntz
992 2369 1065 2394 non
1107 2357 1238 2393 mirum
1270 2356 1450 2402 profecto,
1492 2356 1639 2404 dignius

140 2420 237 2456 enim
266 2418 502 2466 scriptoribus
529 2419 587 2454 est
610 2427 719 2464 quam
739 2417 879 2464 tragico
910 2415 1134 2452 vocabulum.
1264 2414 1299 2461 1)
1330 2414 1440 2451 Mitto
1464 2416 1584 2451 cetera
1607 2414 1640 2450 si

140 2488 213 2524 qua
244 2477 401 2525 primum
430 2478 602 2524 leguntur
632 2475 678 2511 in*
703 2474 893 2521 Euripide,
932 2476 975 2510 ut
1003 2471 1238 2522 ἐπικούρησις
1266 2472 1435 2510 Androm.
1459 2473 1507 2509 28
1544 2472 1639 2510 Plat.

139 2537 229 2584 Leg.
250 2535 316 2579 XI,
341 2535 412 2573 919
436 2534 477 2571 Β.
501 2534 550 2570 al.
654 2533 694 2575 2)
730 2532 899 2570 Ceterum
933 2531 1145 2569 inferiorum
1174 2532 1380 2578 temporum
1407 2532 1484 2569 tam
1510 2532 1639 2577 poetae

140 2605 249 2641 quam
271 2594 464 2641 scriptores
490 2592 596 2640 quasi
617 2591 760 2638 pruritu
783 2590 876 2627 talia
898 2589 1128 2637 excogitandi
1150 2588 1381 2626 laborarunt:
1414 2599 1505 2635 quae
1530 2598 1639 2635 quam

138 2653 278 2690 usitata
299 2653 436 2691 fuerint
460 2650 645 2698 Euripidis
674 2651 796 2687 aetate
826 2649 859 2685 si
891 2649 1011 2685 minus
1042 2649 1189 2690 certum,
1215 2646 1309 2684 illud
1331 2646 1491 2694 profecto
1513 2645 1639 2684 certis·

140 2712 273 2748 simum
298 2711 462 2748 videatur
492 2719 665 2757 personas
690 2708 758 2745 hoc
783 2707 912 2744 suffixo
949 2705 995 2742 ab
1028 2704 1200 2751 Euripide
1233 2704 1337 2752 quasi
1352 2744 1354 2748 ,
1371 2703 1493 2741 dedita
1530 2714 1638 2751 opera

139 2771 270 2807 notari.
