1857 3133
190 136 247 173 20

195 250 355 291 nex—acl.
388 251 501 297 660,
534 249 639 297 789,
686 237 869 301 Thucyd.
898 246 1005 299 vn,
1037 250 1113 299 74,
1159 245 1378 290 Herodian.
1405 247 1515 299 vn,
1548 250 1598 298 e,
1626 248 1694 295 11,

197 313 411 371 σκύλευμα
430 317 582 359 Phoen.
594 319 693 367 857,
716 319 843 368 1475,
862 316 950 359 Ion.
973 320 1097 370 1145,
1126 316 1269 358 Troad.
1287 319 1355 368 18,
1377 321 1504 370 1207,
1522 317 1583 359 ΕΙ.
1597 319 1694 365 314,

195 389 320 430 Rhes.
351 391 459 439 593,
489 388 669 441 Thucyd.
695 386 770 440 IV,
801 390 880 440 44,
909 388 1045 441 Eust.‚
1079 401 1246 443 quorum
1277 388 1494 441 utrumque
1519 389 1631 429 eerte
1651 386 1693 426 in

199 458 354 499 deliciis
398 459 463 498 est
500 457 698 510 Euripidi.
757 458 798 499 N
799 471 852 498 on
890 459 1024 498 minus
1064 458 1257 511 impedita
1294 453 1391 498 sunt
1419 470 1510 498 oum
1537 457 1694 497 Aristo-

198 528 331 582 phane
368 527 593 569 communia
627 527 760 569 haec:
807 524 1024 584 κελάδημα
1052 527 1177 569 Arist.
1207 527 1312 569 Nub.
1343 528 1427 569 283
1465 526 1516 567 de
1553 525 1694 567 fluvio-

198 610 289 639 rum
338 597 535 652 strepitu,
582 597 681 639 Eur.
700 597 866 639 'Phoen
899 600 982 638 212
1016 610 1048 638 o.
1096 597 1147 637 de
1193 597 1399 651 Zephyro,
1414 595 1446 648 ¹)
1495 596 1695 652 τρύφημα

199 667 288 722 Iph.
318 667 367 709 A.
401 670 516 718 1050
544 683 576 710 o.
615 669 667 709 de
697 666 937 723 Ganymede
968 667 1080 708 Iovis
1121 667 1272 708 deliciis
1312 680 1424 708 more
1464 664 1695 720 Euripiden,

202 751 283 790 quo
314 750 438 779 sensu
469 740 719 792 usurparunt
745 737 1016 791 posteriores,
1056 737 1129 777 sed
1161 737 1203 776 in
1232 737 1461 789 fingmento
1486 735 1695 790 Aristoph.

203 808 310 861 apud
340 808 439 849 Poll.
469 807 574 858 V-II,
607 809 682 857 95,
713 809 739 847 7
780 809 845 846 est
882 801 1077 847 muliebre
1125 804 1423 855 ornamentum3
1474 799 1697 858 θώπευμα

205 875 343 930 Suppl.
372 879 508 927 1103,
545 876 751 930 Aristoph.
782 888 895 930 vesp.
927 878 1033 927 563,
1074 875 1179 916 Plut.
1207 875 1310 916 Mor.
1339 889 1377 930 p.
1408 876 1493 916 823
1524 872 1587 924 G.;
1626 868 1696 914 δί-
1753 918 1761 936 x

202 945 347 1000 δαγμα
377 948 515 986 autem
533 944 740 998 Aristoph.
769 945 875 985 Nub.
899 948 981 986 668
1011 959 1058 985 ae
1084 948 1232 998 postea
1258 932 1521 998 Xenophonti
1546 946 1589 984 et
1606 942 1697 985 Pla-

203 1015 290 1058 toni
320 1028 401 1057 non
420 1014 660 1057 inusitatum
679 1014 753 1056 vix
775 1014 935 1069 quidem
955 1015 1111 1057 invenit
1129 1013 1349 1068 Euripides
1365 1014 1438 1055 sed
1464 1014 1573 1054 eerte
1592 1023 1700 1053 nova

203 1086 341 1141 posuit
378 1083 670 1136 significatione
710 1083 909 1137 siquidem
937 1085 1031 1136 frgt.
1063 1087 1147 1124 293
1182 1080 1332 1138 χρόνον
1359 1084 1463 1124 dixit
1488 1077 1698 1123 ποικιλώ-

202 1169 335 1199 τατον
354 1149 545 1211 δίδαγμα
564 1148 826 1208 multiplicem
847 1155 1100 1208 mayistrum,
1126 1153 1253 1206 igitur
1273 1153 1327 1194 de·
1343 1163 1518 1207 persona
1537 1151 1701 1205 agente,

200 1221 390 1281 τύρευμα
428 1226 564 1264 autem
594 1223 656 1264 El.
689 1226 799 1274 496,
838 1222 949 1277 Cycl.
982 1226 1088 1273 162,
1120 1225 1213 1264 ’190
1240 1223 1264 1263 i.
1295 1236 1331 1275 q.
1370 1217 1497 1278 ῗτυρός
1535 1220 1698 1276 proprio

203 1294 436 1346 significatu
481 1293 638 1346 posuit,
692 1293 798 1345 quod
819 1317 822 1320 -
843 1293 1041 1333 translate
1078 1294 1124 1333 ut
1162 1293 1216 1333 sit
1257 1288 1501 1348 παλάμημα
1537 1294 1702 1346 praeter

200 1363 448 1418 posteriores
487 1362 584 1413 (vid.
614 1361 763 1415 Phryn.
794 1373 857 1415 ap.
888 1361 1017 1401 Bekk.
1046 1364 1121 1411 60,
1152 1364 1224 1412 20)
1261 1361 1467 1415 Aristoph.
1508 1361 1611 1401 dixit
1648 1360 1699 1399 si-

200 1433 362 1487 quidem
399 1431 521 1471 fidem
560 1431 755 1472 habemus
792 1430 986 1478 Eust.‚11.
1024 1445 1061 1484 p.
1096 1434 1216 1481 620,
1233 1433 1298 1471 10.
1327 1454 1386 1460 —
1444 1430 1513 1471 Ex
1553 1431 1700 1472 ceteris

202 1502 340 1544 neseio
381 1514 433 1541 an
462 1501 551 1542 iure
587 1500 768 1541 vindices
799 1499 1005 1555 Euripidi:
1044 1495 1238 1557 ὃμίλημα
1263 1501 1311 1527 **
1334 1501 1429 1553 frgt.
1462 1502 1569 1550 218,
1598 1500 1703 1542 Plat.

201 1572 331 1624 Legg.
349 1570 402 1621 V,
433 1572 517 1611 730
546 1569 609 1620 B,
628 1570 793 1610 Lucian.
819 1569 956 1610 Amor.
979 1573 1034 1610 25
1049 1603 1058 1619 ,
1088 1568 1293 1625 κτύπημα
1318 1570 1510 1610 Androm.
1533 1573 1642 1611 1211
1668 1584 1700 1610 e.

204 1639 353 1683 Critias
382 1653 446 1695 ap.
467 1638 581 1682 Sext.
600 1639 717 1695 Emp.
740 1641 846 1690 563,
878 1641 954 1691 30,
985 1639 1061 1680 Dio
1084 1638 1197 1681 Cass.
1225 1638 1269 1691 Ι,
1300 1642 1367 1693 17,
1396 1633 1584 1695 ἓστίαμα
1611 1639 1700 1696 Iph.

202 1711 249 1751 Τ.
277 1713 376 1760 387,
408 1711 583 1763 metaph.
615 1710 715 1749 Plat.
746 1710 846 1761 Leg.
875 1709 965 1759 XI,
996 1713 1080 1751 935
1103 1709 1162 1761 A,
1194 1706 1419 1766 κούφισμα
1443 1710 1591 1751 Phoen.
1614 1713 1700 1751 848
1733 1732 1736 1734 -
1816 1708 1819 1711 ⁴

201 1780 527 1830 allevamentum,
565 1778 669 1819 Plut.
700 1778 801 1819 Mor.
830 1782 914 1819 114
948 1778 990 1820 C.
1035 1779 1183 1820 Theod.
1214 1778 1353 1820 Prodr.
1382 1793 1420 1833 p.
1453 1782 1539 1821 24ss
1578 1782 1621 1821 et
1654 1782 1702 1821 ut

202 1851 360 1889 taceam
391 1850 442 1888 de
470 1846 688 1900 κάθαμμα
714 1848 836 1901 Hipp.
869 1851 949 1888 671
975 1862 1008 1888 e.
1038 1849 1132 1901 quia
1161 1848 1340 1902 Hesyeh.
1360 1851 1404 1889 et
1433 1848 1580 1890 Suidas
1609 1864 1700 1903 pro-

158 1925 162 1929 ·
201 1918 387 1959 verbium
427 1916 623 1958 afferunt:
666 1913 905 1978 tudstapcpla
943 1908 1092 1968 λύεις,’
1129 1917 1314 1971 inprimis
1344 1912 1486 1974 ὄχημα
1517 1918 1565 1944 **
1595 1918 1700 1973 quod

202 1986 424 2028 Elmsleius
461 1987 512 2026 ad
540 1986 700 2026 Heraol.
734 1989 817 2027 752
858 1986 1043 2040 Euripidi
1084 1987 1260 2028 reddidit
1299 2000 1324 2027 a
1361 1986 1528 2027 Philone
1558 1990 1601 2028 et
1626 1988 1716 2029 Ρει-1

202 2059 335 2100 tribus
363 2060 625 2110 usurpatum,
662 2056 749 2110 Iph.
770 2057 820 2096 A.
844 2059 955 2097 1045
978 2070 1011 2097 o.
1042 2070 1165 2109 quum
1196 2058 1315 2097 aliam
1341 2057 1510 2098 formam
1541 2052 1701 2114 ἶάχημα

204 2127 356 2168 habeas
387 2125 507 2166 Hero.
539 2125 576 2166 f.·
597 2127 682 2166 884
713 2139 765 2173 0.,
805 2124 928 2166 Anth.
959 2125 1041 2166 Pal.
1072 2125 1154 2177 VI,
1187 2129 1293 2178 165,
1334 2125 1413 2167 nisi
1448 2126 1514 2167 hio
1543 2140 1702 2181 quoque

202 2197 432 2238 restitueris
463 2187 671 2251 ἆχήματα.
732 2195 919 2236 Videsis:
951 2197 1052 2236 haee
1084 2186 1245 2236 'difficile
1275 2198 1342 2236 est·
1367 2196 1600 2248 absolvere,
1628 2197 1702 2237 sed

206 2266 452 2322 supersedeo
493 2266 726 2306 examinare
761 2265 925 2311 residua
962 2260 1185 2321 αἴσθημά,
1229 2259 1450 2328 δόξασμα,
1491 2263 1699 2324 θήρευμα,

347 2427 381 2472 1)
406 2426 471 2461 Nil
493 2425 625 2462 dixerit
647 2435 679 2460 si
703 2425 784 2471 quis
811 2424 957 2461 nonnisi
979 2427 1171 2471 propterea
1198 2425 1294 2472 quod
1317 2425 1440 2462 Nubes
1456 2419 1546 2469 423]
1568 2426 1700 2463 Phoen.

206 2484 338 2530 olymp.
364 2484 507 2519 demum
531 2483 578 2519 92
600 2485 704 2519 actae
726 2485 828 2532 sunt„
866 2483 1103 2528 Aristophani
1136 2483 1363 2519 attribuen‘t2
1395 2484 1479 2521 nam
1511 2486 1555 2519 ut
1585 2484 1701 2521 dicam

205 2541 301 2589 quod
324 2542 441 2578 sentio
463 2541 507 2577 de
531 2540 696 2577 omnibus
721 2550 905 2586 quaequae
930 2540 970 2576 in
984 2539 1259 2587 Aristophaueis
1283 2551 1378 2578 nune
1403 2540 1504 2587 prius
1525 2543 1704 2588 apparent

205 2609 313 2645 quam
341 2599 380 2634 in
410 2597 615 2644 Euripideis
652 2597 805 2640 fabulis,
847 2608 933 2633 sane
968 2591 1081 2633 nolim
1113 2598 1202 2634 haec
1234 2598 1483 2634 indubitanter
1513 2597 1703 2647 iniungere

204 2656 380 2702 Euripidi,
405 2657 469 2693 sed
494 2655 705 2693 crediderim
726 2655 923 2692 tenendum
943 2662 1025 2691 'esse
1050 2658 1206 2703 quantus
1222 2656 1496 2703 Euripideorum
1511 2656 1703 2693 thesaurus

206 2712 245 2748 in
269 2713 326 2748 tot
349 2712 546 2760 deperditis
569 2712 703 2748 tabulis
726 2712 892 2759 sepultus
915 2713 983 2755 sit,
1007 2713 1136 2750 deinde
1162 2724 1270 2760 quam
1294 2714 1410 2755 multa
1427 2715 1553 2751 comici
1569 2725 1611 2766 οξ
1624 2716 1700 2751 tra-

206 2769 299 2817 gicis
327 2771 499 2818 petierint
521 2772 559 2809 et
584 2782 691 2818 quam
716 2771 769 2809 nil
790 2771 829 2809 hi
854 2783 896 2809 ex
922 2771 1005 2809 illis.
