1857 3133
1529 191 1617 232 105-

122 302 174 344 iis
204 301 433 354 vocabulis,
460 312 564 357 quae
590 301 696 343 siout
720 299 788 342 vel
813 300 926 343 solus
949 301 1018 344 vel
1046 314 1138 344 cum
1166 303 1306 358 paucis
1335 305 1531 348 assumsit
1557 317 1615 348 ex

83 376 87 382 ‘
124 371 333 426 superiore
359 371 495 426 poesi,
532 371 596 412 ita
629 369 672 411 in
710 369 965 412 inveniendis
999 372 1168 413 vocibus
1205 366 1497 428 exemplarium
1522 373 1614 418 loco

122 441 269 496 posuit
313 440 505 484 Ceterum
528 441 603 482 hoc
621 450 776 493 moneo,>
796 451 898 494 quae
923 452 997 496 pro
1016 441 1193 484 inventis
1210 442 1442 497 habeamus,
1471 457 1613 487 eorum

122 511 321 565 quaedam
348 512 525 554 fortasse
549 510 708 553 nonnisi
734 509 1005 568 abEuripide
1022 512 1073 553 rin
1101 513 1356 566 u-agoediam
1382 515 1616 558 introducta

121 592 233 622 esse:
261 580 433 623 increvit
459 583 596 635 tamen
625 580 681 622 iis
705 592 866 635 quoque
904 593 1035 622 sermo
1064 581 1255 636 trag-icus.
1313 582 1518 627 Nonnulla
1545 585 1613 628 hie

121 663 202 692 non
236 651 600 705 praetermittenda
634 651 900 701 videbantur:
943 650 1064 711 etiam
1101 653 1306 706 apertiora
1342 654 1613 708 proferentur,

121 720 280 774 quando
310 732 455 776 prosae
481 719 673 762 orationis
700 719 876 774 vestigia
904 718 1197 773 collegerimus,
1227 743 1285 751 —
1323 722 1442 765 Nunc
1474 726 1615 767 autem*

121 789 309 844 quoniam
340 791 519 833 confecto
559 790 704 831 itinere
734 790 786 832 de
816 792 902 831 toto
931 790 1191 831 inventorum
1210 791 1496 834 vocabulorum
1520 796 1614 836 the-

120 867 241 903 sauro
275 860 468 903 iudicium
502 860 702 915 poscitur,
748 860 827 902 duo
860 859 904 901 in
943 859 1265 901 aestimationem
1285 862 1493 916 janiam,
1528 865 1641 906 tam.

91 938 313 988 ‘numerus
349 931 637 972 vocabulorum
677 941 797 984 quam
835 929 1013 984 pondus-s
1080 929 1137 971 Et
1171 929 1284 971 illum
1330 932 1492 986 quidem
1531 934 1614 976 cito

119 1000 336 1054 expedias:
365 1012 461 1042 nam
489 1000 525 1041 si
552 1000 594 1040 in
624 1001 780 1053 septem
808 999 1031 1052 tragoediis
1060 1011 1109 1040 ac
1136 1000 1379 1053 frag-mentis
1403 1015 1485 1044 non
1513 1015 1614 1046 sane

118 1068 263 1125 amplis
299 1070 409 1111 mille
447 1071 490 1110 et
521 1070 683 1111 centum
719 1067 906 1123 procudit
946 1068 1165 1123 Aeschylei
1215 1070 1369 1123 ingenii
1423 1071 1612 1127 impetus,

117 1138 331 1194 Euripidis
356 1133 492 1181 autem
529 1138 571 1179 in
596 1137 878 1191 duodeviginti
907 1138 1052 1179 fabulis
1075 1150 1129 1179 *ac
1158 1138 1349 1192 spatiosis
1375 1151 1475 1181 sane
1502 1141 1614 1196 trag·

116 1210 264 1251 mentis
313 1209 472 1251 circiter
512 1208 746 1261 octingenta
795 1207 924 1259 (mitto
964 1207 1071 1248 enim
1116 1221 1169 1248 ex
1198 1207 1336 1250 Rheso
1373 1211 1612 1264 progeniem

120 1282 162 1321 et
207 1280 423 1322 incertiora
441 1306 454 1327 .=
469 1279 666 1334 quaedam
722 1278 817 1320 licet
870 1278 912 1319 in
960 1278 1146 1331 catalogo
1194 1278 1411 1332 exhibita),
1461 1284 1614 1335 quanto

123 1349 189 1390 hic
218 1350 269 1390 ab
298 1349 366 1390 illo
398 1349 523 1389 distet
531 1379 548 1400 ,-
571 1361 653 1389 non
683 1347 849 1388 dubium
879 1347 966 1388 erit.
1026 1346 1108 1387 Sed
1145 1348 1300 1389 aceedit
1327 1350 1616 1403 vocabulorum

119 1424 274 1460 namra.
333 1418 551 1473 Euripides
580 1431 703 1472 quum
730 1417 783 1458 ad
802 1416 1055 1470 tragoediam
1079 1429 1126 1457 se
1154 1421 1431 1469 converteret,
1459 1420 1616 1462 invenit
1674 1423 1679 1427 “

119 1489 224 1545 hanc
251 1490 381 1529 artem
407 1501 491 1545 ¹non
520 1489 679 1528 tantum
707 1488 1041 1540 praeoccupatam
1067 1486 1146 1526 sed
1177 1491 1514 1541 consummatam,
1553 1491 1614 1530 in-

120 1558 259 1613 primis
287 1571 388 1600 vero
421 1570 645 1599 sermonem
682 1556 882 1609 tragicum
917 1557 1119 1609 promtum
1156 1568 1204 1597 ac
1240 1559 1445 1610 paratum:
1483 1561 1615 1601 trans—

120 1629 266 1671 sumsit
294 1629 405 1678 ideo,
438 1631 486 1668 ut
520 1627 752 1681 expositum
790 1628 875 1675 est,
915 1627 1079 1678 praeter
1116 1626 1311 1667 nonnulla
1346 1628 1469 1668 alfius
1498 1638 1614 1683 repe-

120 1698 244 1741 tenda
272 1710 327 1740 ex
357 1698 562 1753 Aeschylo
591 1697 713 1751 longe
743 1695 937 1751 plurima,
965 1695 1163 1750 quaedam
1191 1696 1312 1738 etiam
1338 1694 1397 1739 'ex
1418 1696 1615 1753 Sophocle

120 1779 346 1822 quanquam
374 1768 476 1822 haec
500 1768 632 1808 minus
662 1767 785 1807 certa.
845 1764 933 1806 Neo
961 1765 1107 1805 mirum
1135 1765 1286 1818 igitur,
1325 1767 1431 1820 quod
1468 1767 1511 1808 in
1540 1767 1614 1809 fin·

119 1839 347 1891 gendorum
376 1838 666 1885 vocabulorum
693 1836 879 1889 negotio,
918 1836 1027 1889 quod
1067 1838 1163 1889 post
1185 1834 1381 1891 Aeschyli
1408 1839 1617 1882 conamina

118 1907 243 1951 multo
271 1909 403 1950 rarius
432 1908 567 1950 obibat
594 1919 643 1948 ac
669 1909 791 1961 prout
818 1918 886 1947 res
917 1907 1106 1960 posceret
1129 1906 1188 1958 (in
1206 1905 1351 1948 Bacch.
1370 1901 1613 1962 βάκχευσις,

117 1973 360 2033 βάκχευμα,
392 1974 699 2033 βακχεύσιμος,
730 1969 950 2029 βακχιάζω
969 1975 1177 2029 Euripidis
1198 1977 1322 2027 sunt),
1351 1977 1404 2016 ad
1417 1977 1613 2032 Aeschyli

118 2049 378 2104 praesertim,
417 2049 591 2090 fortasse
628 2046 751 2088 etiam
776 2043 985 2099 Sophoclis
1017 2044 1224 2099 exemplar
1262 2058 1306 2086 se
1344 2050 1613 2102 componeret.

120 2120 259 2168 Quare
298 2118 435 2160 nescio
477 2131 529 2158 an
567 2116 695 2158 omnis
732 2114 1043 2168 Euripideorum
1087 2114 1345 2155 inventorum
1397 2117 1614 2159 thesaurus

119 2193 214 2246 apte
238 2190 281 2231 in
311 2193 397 2231 tres
437 2189 577 2243 partes
608 2185 791 2249 ,dispesci
835 2185 965 2243 queat.
1026 2183 1282 2239 Aeschyleae
1321 2187 1492 2246 naturae
1519 2189 1615 2230 sunt

118 2260 372 2316 potissimum
403 2272 457 2303 ex
485 2257 589 2298 binis
618 2255 844 2297 nominibus
884 2254 1113 2295 consociata
1140 2254 1256 2295 velut
1285 2256 1613 2298 attributivorum

118 2401 337 2442 tenendum
356 2403 422 2441 est
444 2397 625 2453 inprimis
645 2394 810 2438 canticis
829 2394 1033 2435 reservari
1053 2394 1291 2435 attributiva
1318 2396 1613 2439 binominaliter

118 2470 350 2526 composita,
379 2482 548 2525 quorum
565 2466 725 2509 nonnisi
756 2464 881 2507 triens
911 2462 1062 2517 legitur
1090 2463 1133 2505 in
1161 2463 1306 2506 iambis
1333 2477 1384 2506 ac
1413 2465 1610 2509 trochaeis

45 2570 49 2573 «
116 2543 202 2593 fere
238 2542 476 2583 dodrantem
514 2539 639 2580 totius
677 2537 814 2591 poesis
857 2534 1106 2589 Euripideae
1142 2535 1417 2576 efficientibus.
1482 2536 1610 2577 ,Porro

118 2612 316 2656 obiectiva
335 2624 493 2666 quoque
518 2607 712 2652 nonnulla
740 2605 943 2661 Aeschylo
974 2606 1164 2660 tanquam
1186 2605 1288 2646 duce
1316 2605 1484 2647 inventa
1504 2611 1609 2648 sunt.

118 2681 327 2739 Sophoclis
348 2682 484 2721 autem
504 2678 590 2730 vis,
620 2676 817 2731 siquidem
843 2676 968 2716 ullam
991 2674 1027 2714 is
1053 2674 1101 2715 in
1114 2673 1348 2728 Euripidem
1378 2676 1611 2717 exercuisse

117 2754 343 2805 censendus
373 2752 459 2802 est,
490 2761 613 2804 quum
639 2747 893 2801 largiendum
924 2745 977 2786 sit
1002 2743 1223 2787 Weickero
1253 2744 1279 2785 l.
1303 2757 1335 2786 c.
1362 2759 1400 2799 p.
1422 2748 1476 2787 29
1509 2746 1611 2788 haec

118 2825 300 2881 inprimis
329 2820 516 2878 Sophocli
543 2818 695 2860 usitata
721 2830 876 2872 genera
909 2815 1057 2867 fuisse,
1096 2815 1269 2857 fortasse
1309 2814 1353 2855 in
1380 2815 1430 2857 iis
1459 2816 1609 2871 aliquo-

1293 2888 1318 2926 8
