1857 3133
160 111 249 153 102

159 230 204 270 et
229 220 422 269 εὔτεκνοι
444 220 631 284 χρησμοί
658 225 746 269 Ion.
767 228 879 279 423,
909 226 979 270 ubi
1007 226 1243 283 genitivum
1253 226 1507 278 obieotim
1517 228 1654 272 habes.

156 297 272 339 Haec
301 309 445 352 rursus
464 296 685 338 traducunt
711 297 765 338 ad
785 300 1005 350 cog-natum
1025 311 1179 350 genus,
1207 310 1358 351 nempe
1381 298 1436 338 ael
1451 298 1661 341 &Baetin

157 379 213 408 ex
250 350 449 408 adieetivo
490 367 533 407 et
567 366 824 408 substantivo
863 367 1087 423 composita
1116 379 1195 419 ea,
1232 380 1343 422 quae
1380 367 1415 409 si
1439 367 1654 416 solvuntur

156 436 260 477 duos
299 436 477 478 reddunt
514 436 729 489 genitivos.
786 435 853 478 Ita
889 450 943 478 ex
978 437 1042 478 iis
1058 441 1163 492 quae
1200 438 1319 479 modo
1347 437 1653 491 percensuimus

97 553 99 555 ,
156 503 352 547 nonnulla
379 505 549 547 haereas
577 518 631 547 an
660 505 797 561 aptius
828 507 907 548 huc
935 506 1119 548 referam.
1145 507 1244 559 quid
1279 509 1346 548 est
1380 507 1486 549 enim
1514 506 1653 548 disad-

156 575 276 617 minis
304 575 413 616 inter
439 572 579 617 καλῶν
608 570 783 618 παίδων
811 572 1025 633 στέφανος
1053 572 1257 628 etxazdg
1284 571 1465 618 παίδων
1487 572 1652 633 adpo*
1725 617 1735 629 ,

157 660 250 696 νος,
280 646 384 699 quid
397 645 505 687 inter
535 641 712 703 ξυνωρὶς
738 642 845 702 καλὴ
872 640 1047 687 παίδων
1076 647 1121 687 et
1158 644 1304 688 καλῶν»
1325 641 1526 688 waldem?
1550 646 1652 689 Sed
1691 702 1695 705 Α

158 716 255 756 sunt
279 714 481 769 profecto,
512 727 628 770 quae=
648 714 750 756 solvi
793 714 912 756 aliter
944 717 1170 769 nequeant,
1205 727 1260 757 ex
1287 727 1457 769 quorum
1479 716 1652 758 >numero

158 787 226 826 est
244 786 489 827 adjectivum
504 781 798 840 μεσόμφαλος.
857 783 925 826 Sic
953 785 1067 828 dixit
1073 778 1353 840 μεσόμφαλοι
1370 779 1498 838 μύχοι
1516 784 1652 828 Orest.

159 857 268 905 331,
295 850 418 910 ἕδραι
435 853 531 895 ibid
552 855 658 906 591,
688 846 829 908 γύαλα
845 852 993 895 Phoen.
1015 855 1132 906 237,
1150 853 1236 909 γᾶς
1243 847 1374 896 εστία
1392 853 1478 896 Ion.
1499 856 1584 897 462
1606 867 1653 905 c.-‚

157 924 328 978 parique
349 924 469 982 modo
498 925 820 978 interpretantur
848 917 1127 981 λευκοπήχεις
1145 919 1308 967 κτύποι
1328 924 1477 981 ’χεροῖν
1504 924 1652 968 Phoen-

160 995 269 1035 1351
304 1006 357 1045 c.,
388 993 456 1036 ubi
485 993 528 1040 in
552 992 696 1050 χεροῖν
726 995 915 1049 apertum
950 993 1077 1035 habes
1105 993 1450 1049 interpretationis
1480 993 1652 1048 genitivi

159 1063 404 1117 exemplum.
419 1063 450 1115 ¹)
509 1063 602 1104 Duo
632 1063 812 1116 genitivi
834 1064 966 1104 rarius
997 1064 1121 1104 etiam
1147 1064 1184 1105 si
1212 1065 1372 1105 omnino
1401 1077 1453 1104 ex
1485 1064 1652 1106 adieeti-

158 1134 223 1174 vis
244 1134 322 1175 alio
340 1134 459 1174 modo
478 1132 712 1187 compositis
731 1132 913 1173 eliciendi
935 1134 1051 1174 sunt:
1077 1132 1264 1186 equidem
1283 1133 1414 1175 nihil
1400 1146 1442 1175 m
1462 1126 1652 1188 promptu

157 1204 284 1244 habeo
315 1208 479 1257 praeter
509 1198 797 1258 βροτόφθορα
834 1199 970 1242 σκῦλα
1004 1202 1102 1255 frgt.
1128 1204 1214 1244 268
1225 1233 1237 1253 ,
1275 1203 1356 1245 nisi
1390 1202 1526 1245 malis.
1544 1191 1651 1257 βρο-

156 1269 365 1330 τοφθόρα
399 1271 588 1313 nimirum
619 1274 666 1312 ut
700 1271 883 1326 planius,
933 1271 1007 1312 sed
1043 1265 1334 1329 βροτόᾳθορα
1379 1270 1514 1314 σκῦλα
1556 1274 1654 1314 sunt

159 1342 295 1385 σκῦλα
321 1344 489 1398 βροτῶν
520 1338 796 1398 φθαρέντων.
847 1341 922 1383 Cui
950 1342 1053 1382 addo
1084 1355 1139 1382 ex
1164 1342 1252 1397 Iph.
1275 1342 1320 1384 Τ.
1342 1346 1455 1384 1083
1481 1355 1651 1398 πατρο-

159 1410 309 1462 κτόνος
334 1407 449 1467 χείρ,
482 1425 605 1465 quum
636 1412 712 1453 hoe
753 1412 840 1452 loco
878 1411 1128 1465 efflagitante
1167 1425 1292 1453 sensu
1329 1409 1499 1468 πατρὸς
1536 1406 1652 1453 κτεί-

156 1496 308 1532 νοντος
334 1476 427 1535 χείρ
452 1494 543 1521 esse
577 1480 746 1536 debeat:
786 1493 891 1533 quae
920 1480 956 1520 si
985 1480 1050 1521 cui
1080 1481 1318 1523 duriuscule
1346 1479 1651 1535 significationis

156 1551 361 1591 videbitur
390 1550 670 1599 commutatio,
702 1549 890 1601 quoniam
928 1543 1230 1603 πατροκτόνος
1260 1563 1315 1591 ex
1351 1550 1518 1603 linguae
1549 1564 1653 1599 veon-

157 1621 375 1663 suetudine
439 1620 539 1660 alias
607 1620 673 1659 est
716 1616 884 1673 patrem'
930 1620 1181 1670 enter-imm,
1201 1619 1234 1671 ²)
1294 1620 1334 1660 ei
1383 1621 1520 1661 forsan
1571 1632 1653 1660 non

156 1689 385 1745 displicebit
421 1701 527 1741 quae
566 1687 662 1729 mihi
701 1688 961 1728 succurrebat
1003 1688 1192 1730 adiectivi
1233 1683 1528 1744 πατροκτόνου
1568 1702 1653 1730 cor-

156 1761 282 1802 rectio
314 1760 357 1800 in
387 1752 701 1810 παιδοκτόνου,
740 1760 788 1798 u't
828 1757 937 1798 iusta
968 1757 1170 1799 sententia
1198 1759 1285 1800 loeo
1314 1760 1564 1801 restituatur.
1598 1783 1648 1791 -

155 1832 236 1872 Hic
264 1842 362 1870 vero
393 1827 634 1878 subsistam,
663 1840 717 1867 ne
741 1827 894 1867 diutius
923 1840 1057 1869 morer
1089 1828 1133 1868 in
1172 1828 1382 1870 adiectivis
1414 1828 1654 1882 quibusdam

158 1916 211 1943 ex
251 1900 390 1940 verbis
428 1897 586 1939 neutris
623 1897 730 1938 natis
768 1899 811 1937 et
847 1897 1007 1950 quando
1045 1898 1319 1940 substantivis
1343 1899 1655 1951 subiunguntur,

156 1971 209 2012 ad
237 1968 481 2010 solvendum
512 1966 820 2017 difficilioribus,
849 1967 964 2007 velut
992 1958 1283 2023 ἆνδροκμῆτες
1311 1959 1493 2021 ἅγιθνίαι
1513 1967 1652 2023 Suppl.

157 2042 243 2083 525
285 2041 483 2091 (ceterum
513 2030 753 2093 α’νδροκμής
790 2039 885 2090 post
914 2036 1166 2090 Aeschylum
1208 2037 1313 2078 dixit
1340 2037 1574 2091 Euripides)
1611 2041 1654 2079 et

251 2224 287 2268 1)
317 2221 517 2258 Lobeckius
536 2220 584 2256 ad
603 2219 659 2266 Aj.
675 2231 711 2266 p.
733 2220 779 2257 73
804 2220 899 2255 hunc
923 2220 1040 2256 locum
1055 2219 1195 2257 adscita
1210 2220 1404 2268 hypallage
1420 2220 1587 2268 explicat,
1602 2223 1653 2258 ut

156 2283 294 2320 dictum
327 2279 495 2327 opinetur
525 2290 591 2326 pro
628 2276 887 2324 λευκοπήχεων
916 2281 1038 2326 χερῶν
1066 2277 1222 2324 κτύποι,
1260 2278 1497 2325 λευκοπήχεις
1530 2280 1652 2318 autem

152 2344 276 2387 χεῖρες
297 2338 509 2374 excusentur
543 2336 610 2378 iis,
642 2345 734 2382 quae
767 2335 874 2370 obvia
898 2334 1112 2371 habuimus:
1147 2335 1320 2382 εὐπήχεις
1338 2340 1477 2386 χεῖρες,
1508 2336 1591 2372 aliis
1612 2336 1651 2372 id

156 2408 284 2445 genus.
314 2393 317 2395 ’
345 2394 438 2430 Mihi
477 2393 596 2430 minus
633 2392 755 2440 placet
785 2392 873 2430 haec
906 2392 1161 2440 interpretaur>
1201 2391 1413 2440 propterea,
1454 2393 1550 2441 quod
1578 2404 1662 2432 non.

155 2454 298 2491 addidit
328 2453 464 2493 locum,
498 2451 538 2486 in
576 2462 646 2497 quo
674 2451 755 2496 pari
786 2451 891 2488 modo
923 2451 1119 2498 hypallage
1153 2462 1235 2488 cum
1259 2451 1481 2488 abundantia
1505 2452 1650 2488 coaluit.

155 2514 199 2559 2)
220 2510 420 2549 Lobeokius
453 2510 576 2545 utrum
611 2507 752 2556 πατρὸς
778 2513 983 2548 κτείνοντος
1023 2520 1071 2545 an
1106 2508 1246 2557 πατρὸς
1281 2513 1478 2546 κτείνουσα
1511 2509 1577 2551 sit,
1611 2508 1650 2544 in

156 2569 265 2607 dubio
290 2567 427 2615 linquit
448 2566 506 2614 Aj.
528 2578 562 2613 p.
580 2566 661 2604 233.
686 2565 855 2608 Ceterum
879 2565 918 2602 in
943 2567 1253 2604 transitumoneo
1276 2565 1524 2607 παιδοκτόνος
1545 2577 1650 2603 voea-

155 2628 281 2665 bulum
315 2637 393 2662 esse
427 2624 593 2671 Euripidi
634 2624 723 2660 satis
757 2623 957 2660 familiare:
1002 2624 1066 2671 qui
1099 2624 1191 2671 dixit
1228 2623 1471 2661 παιδοκτόνοι
1503 2627 1652 2673 φρενῶν

157 2689 343 2735 ταραγμοί
365 2684 468 2730 Hero.
482 2683 505 2719 f.
523 2683 595 2720 839
625 2683 663 2718 et
687 2681 857 2719 audacius
877 2681 969 2718 illud
992 2681 1235 2719 παιδοκτόνοι
1262 2686 1326 2718 σοί
1339 2696 1386 2715 --··-
1401 2680 1488 2721 σοὺς
1508 2682 1651 2721 παῖδας

157 2747 355 2781 κτείνοντες
377 2741 426 2777 Η.
452 2742 479 2777 f.
505 2741 609 2778 1381.
