1857 3133
200 138 257 178 52

198 253 370 294 rioribus
400 251 622 304 composita
648 263 740 291 cum
769 252 838 298 Εἷς
865 264 947 291 11011
977 253 1280 292 mutuatusest
1306 254 1471 305 praeter
1498 249 1698 308 δύσορνις

198 323 352 364 Aesch.·
367 320 478 374 Sept.
502 323 610 371 838,
633 320 736 362 Eur.
764 320 890 375 Hipp.
920 324 1004 364 759
1027 335 1079 371 0.;
1117 320 1356 375 omninoque
1384 321 1576 376 pauciora
1602 335 1695 377 pos-

197 391 355 432 sessiva
385 392 527 444 genuit
568 390 805 430 adverbium
844 392 929 442 [ru—c,
967 392 1082 431 velut
1116 390 1222 444 quod
1265 389 1463 445 Aeschyli
1498 392 1694 444 magnilo-

197 462 402 516 quentiam
444 461 570 514 sapit:
616 455 892 516 δυσφόρμιγξ
907 459 934 484 ¹⁵
972 455 1059 501 ὂῖτα
1102 460 1192 514 vIph.
1232 459 1277 500 Τ.
1309 462 1392 500 225
1424 475 1456 501 c.
1495 461 1695 503 desonam

194 532 343 573 habens
369 531 566 572 citharam
577 562 587 581 ,
615 541 763 588 emper-s·
792 532 991 580 citharae,
1022 523 1249 584 δύσχορτοι
1268 528 1295 552 ⁴⁵
1323 521 1438 569 οἶκοι
1468 531 1519 570 ib.
1547 533 1630 571 219
1659 544 1692 571 c.

194 615 313 656 aegre
331 592 533 655 'praebens
552 601 754 654 pabulum
767 632 778 651 ‚
810 598 990 641 Seidlero
1018 600 1173 640 sterazk
1199 599 1408 649 (audacter
1428 599 1515 639 sine
1529 600 1693 653 ‹dubio);

195 664 484 724 δυστράπεζοι
499 669 526 699 ¹*
552 667 699 710 πῶλοι
728 669 846 709 Herc.
866 669 890 708 f.
914 669 997 708 385
1021 680 1052 707 c.
1078 667 1250 720 nefanda
1278 680 1415 709 mensa
1440 670 1517 708 usi.
1577 668 1693 712 Haec

194 740 320 794 igitur
353 741 463 779 certe
494 729 635 779 altiOre
665 738 808 791 spiritu
847 737 1036 791 profusa,
1074 738 1143 790 qui
1181 737 1306 777 vellet
1341 737 1589 779 imitamento
1619 751 1691 779 ex-

194 810 390 863 primere,
417 808 620 848 neminem
650 808 798 860 adepta
827 809 943 856 sunt,
982 806 1055 846 sed
1084 800 1333 862 δύσμορφος
1347 804 1401 829 ⁸*
1429 801 1569 863 ἐσθής
1596 806 1691 850 Hel.

196 882 334 929 1204,
363 879 458 931 frgt.
487 880 572 919 839
613 880 963 918 transsumserunt
990 876 1201 917 Meuandr.
1231 889 1364 931 gnom.
1394 879 1563 919 monost.
1593 879 1689 929 117,

190 948 290 1001 Lyc.
321 942 404 987 692
435 949 477 986 et
492 946 600 986 Plut.
621 941 722 986 Mor.
743 960 780 999 p.
805 948 890 986 670
911 946 948 985 Α
980 946 1169 997 (fortasse
1196 959 1250 986 ex
1278 947 1365 986 loco
1395 946 1522 997 Eun).
1568 947 1689 988 Addo
1762 952 1764 956 ’

193 1011 448 1069 δυσείματος
464 1015 491 1040 '⁵
518 1015 582 1056 El.
616 1017 741 1056 1107.
802 1014 1074 1069 Singulariter
1102 1015 1267 1056 dictum¹
1293 1018 1358 1057 est
1385 1015 1427 1056 in
1456 1014 1541 1057 Ion.
1573 1018 1687 1058 1050

191 1101 224 1127 0.
255 1080 521 1127 δυσθάνατοι
542 1084 593 1109 *⁶*
620 1086 824 1140 κρατῆρες
850 1085 1012 1137 Zet-efera
1033 1086 1206 1138 pocula,
1246 1086 1354 1137 quod
1390 1086 1533 1126 eodem
1562 1099 1686 1126 sensu

190 1156 345 1208 legitur
373 1154 566 1209 Hippoer.
600 1167 649 1207 p.·
672 1157 721 1194 71
757 1153 804 1203 F,
834 1155 877 1194 et
907 1154 977 1203 aL,
1008 1153 1078 1193 ubi
1108 1151 1308 1194 Galenus:
1336 1150 1387 1195 τὸ
1412 1147 1688 1196 δυσθοὶνατον

189 1220 414 1281 σημαίνει.
428 1255 438 1265 .
465 1220 517 1264 τὸ
551 1217 909 1278 βραδυθάνατον,
952 1217 1149 1278 σημαίνει
1192 1218 1240 1263 δὲ
1270 1219 1344 1263 καὶ
1372 1219 1424 1264 τὸ
1454 1220 1528 1264 σὺν
1555 1216 1685 1280 οδύνῃ

189 1288 422 1350 θνήσκειν,
464 1295 643 1334 ceterum
678 1293 767 1332 iure
797 1292 948 1333 ademit
977 1292 1097 1332 Thes.
1126 1291 1214 1332 Par.
1246 1292 1376 1333 editor
1405 1293 1684 1373 Theophrasto

190 1362 449 1413 H..,P1111
481 1362 555 1413 10,
587 1361 673 1412 3.1)

614 1487 648 1530 ξ.
675 1487 707 1523 6.
756 1486 821 1520 ΙΙΙ.
861 1485 1256 1521 Determinativa.

309 1582 432 1631 Quod
464 1581 629 1623 Curtius
661 1580 806 1622 statuit
832 1580 874 1620 in
900 1581 1163 1633 grammatica
1198 1581 1240 1621 in
1269 1582 1389 1622 schol.
1427 1596 1545 1623 usum
1575 1584 1684 1625 edita
1713 1586 1723 1592 ”

190 1655 222 1708 §-
243 1656 326 1695 359
357 1651 667 1694 determinativa
696 1664 863 1691 numero
892 1650 1081 1691 inferior-a
1112 1664 1204 1691 esse
1234 1651 1403 1702 ceteris,
1433 1652 1474 1692 id
1504 1652 1545 1692 in
1564 1652 1682 1694 Euri*

188 1722 295 1777 pidis
324 1722 524 1763 duntaxat
564 1722 731 1761 inventa
771 1721 931 1760 omnino
959 1721 1104 1760 cadere
1132 1704 1367 1773 apparebit.
1412 1720 1518 1762 Sunt
1545 1725 1681 1763 autem

190 1791 502 1833 determinativa
540 1792 611 1830 aut
649 1789 905 1830 substantiva
955 1789 1046 1841 (sed
1084 1790 1303 1844 perpauca)
1354 1796 1426 1831 aut
1470 1791 1680 1842 adiectiva.

189 1862 427 1903 Nascuntur
461 1860 617 1900 ratione
653 1858 820 1912 triplici,
861 1871 953 1897 nam
984 1861 1054 1897 aut
1081 1859 1324 1915 adiectivum
1350 1865 1422 1900 aut
1446 1860 1679 1902 adverbium

190 1933 261 1974 aut
290 1929 536 1986 praepositio
575 1930 640 1969 est
681 1928 905 1968 membrum
943 1910 1210 1982 praecedens,
1257 1928 1509 1984 subsequens
1545 1931 1678 1971 rarius

190 2002 241 2043 ad
268 2014 439 2050 nomen,
466 1999 702 2053 saepissime
727 1999 779 2039 ad
808 1998 978 2038 verbum
1006 1998 1122 2039 redit.
1181 1985 1334 2052 Incipio
1363 1999 1452 2039 ab
1440 1999 1508 2040 lis:

282 2137 311 2159 a.
353 2125 404 2158 In
437 2123 599 2167 quibus
625 2122 863 2162 membrum
896 2123 1173 2165 praecedens
1203 2121 1481 2157 adiectivum
1507 2128 1585 2160 est.
1632 2148 1634 2151 -

302 2214 580 2263 Adiectivum,
609 2212 650 2251 id
683 2212 788 2265 quod
816 2211 858 2251 in
884 2212 1204 2265 determinativis
1245 2217 1388 2267 sponte
1424 2214 1679 2268 intelligitur,

187 2287 423 2340 plerumque
464 2280 744 2323 adverbiascit.
803 2281 959 2321 Verum
999 2281 1041 2321 in
1081 2282 1319 2335 quibusdam
1353 2286 1400 2323 ut
1435 2275 1678 2339 ἀκρόπολις

281 2418 317 2463 1)
345 2416 438 2452 Sunt
462 2416 553 2459 alia,
583 2428 674 2463 quae
700 2418 856 2464 primum
879 2417 977 2463 apud
999 2417 1209 2464 Euripidem
1233 2421 1427 2465 apparent,
1459 2420 1522 2456 sed
1552 2422 1674 2457 tamen

181 2477 228 2514 ab
254 2486 296 2512 eo
322 2476 409 2511 sunt
431 2474 491 2510 vix
514 2474 677 2520 profecta
697 2475 797 2512 velut
819 2475 963 2525 εὐερνὴς
989 2473 1112 2524 δάφνη
1137 2475 1216 2523 Iph.
1239 2475 1281 2513 Τ.
1306 2477 1400 2516 1100
1423 2488 1451 2514 ο.
1465 2504 1474 2520 ,
1499 2476 1675 2524 εὗγώνιος

179 2536 259 2572 Ion.
286 2533 378 2571 1137
371 2560 398 2604 ⁴
420 2534 612 2579 utrumque
636 2543 742 2579 saepe
762 2533 859 2579 apud
882 2535 1046 2579 posteros
1060 2561 1070 2578 ‚
1094 2534 1178 2570 alia.
1225 2535 1270 2570 In
1296 2534 1438 2575 εὐωπός
1460 2535 1578 2571 Orest.
1605 2536 1675 2573 918

179 2593 351 2635 catalexis
364 2619 373 2633 ,
420 2591 453 2627 si
490 2590 578 2637 quid
621 2591 764 2628 omnino
779 2619 788 2634 ‚
824 2591 1007 2637 Euripidis
1036 2594 1114 2634 est,
1159 2592 1223 2629 sed
1259 2593 1377 2630 minor
1419 2592 1597 2630 dubitatio
1627 2594 1674 2631 de

176 2650 324 2695 εὔολβος
348 2649 431 2695 Iph.
457 2648 495 2684 T.
522 2649 592 2685 189
608 2659 635 2684 o.
662 2647 914 2693 -·δυσπινής
938 2661 1019 2685 oum
1042 2649 1217 2696 Sophocle
1235 2650 1279 2687 O.
1302 2650 1344 2687 C.
1370 2651 1461 2687 1597
1487 2661 1671 2689 connnune

176 2707 326 2747 habebit
348 2706 557 2753 Euripides,
582 2706 614 2742 si
638 2702 747 2743 verba
770 2707 933 2750 δυσπινῆ
947 2706 1191 2756 πεπλώματα
1216 2707 1402 2754 Aristoph.
1426 2706 1511 2744 Ach.
1535 2709 1607 2746 426
1628 2720 1671 2745 ex

175 2765 347 2810 Euripide
370 2766 491 2800 sumta
516 2774 595 2800 esse
620 2765 761 2804 statuas
786 2763 859 2798 vid.
884 2763 1021 2799 Nauck.
1049 2764 1171 2810 adeep.
1197 2765 1251 2800 26.
