1857 3133
1566 142 1694 205 37'

126 276 201 318 .vel
216 276 463 331 ‘Aeschylus
493 278 661 330 habeat,
700 285 726 318 a
765 290 843 331 quo
881 291 1005 320 unum
1041 277 1200 321 nonnisi
1228 280 1470 322 adjectivum
1499 280 1620 321 simul

131 356 223 387 eum
263 343 461 401 Sophocle
511 345 753 402 depromsit:
805 343 1092 405 μελαμβαθὴς
1130 343 1259 406 σηκός
1298 349 1445 391 Phoen.
1489 343 1616 401 1010,

130 412 250 468 Soph.
272 416 365 469 firgt.
383 419 467 458 478
495 418 724 459 tenebrosus
755 429 802 457 ao
823 415 1053 470 profundus
1060 433 1074 469 ;
1100 417 1359 476 μελαναυγὴς
1369 420 1418 446 **
1447 415 1614 473 νασμός

127 482 225 525 Hoc.
266 487 348 527 153
390 499 473 538 an„
521 486 628 541 quod
682 485 762 526 huc
806 485 960 530 referre
982 520 984 523 .
1005 486 1166 529 videtur
1202 487 1431 531 Lobeekius
1467 487 1610 529 Rhem.

126 567 163 607 p.
195 556 275 595 351
289 588 300 606 ‚
341 556 475 610 aptius
505 555 751 610 possessivis
781 554 952 596 additur.
1013 554 1095 597 Sed
1121 557 1228 598 idem
1251 557 1420 612 Paralip.
1450 573 1488 613 p.
1523 561 1607 599 36⁷

124 623 265 665 merito
304 625 578 679 copulativum
621 626 744 666 habet
781 638 836 666 ex
870 624 1010 665 Rheso
1040 629 1121 667 971
1164 621 1546 682 ἀνθρωποδαίμων
1557 621 1608 652 **

123 693 190 740 ,vel
204 694 319 736 horno
338 696 376 736 et
391 694 490 737 deus
513 695 580 736 vel
607 694 743 749 potius
769 708 822 736 εει)
848 696 1007 737 homine
1023 694 1168 748 factus
1195 695 1294 736 denos*
1314 697 1455 748 aperte
1483 708 1605 749 copu-

121 761 245 803 lative
281 754 406 804 sensu
452 764 672 805 admissum
706 777 733 805 a
763 753 958 818 Procopio
988 764 1081 804 hist.
1109 777 1188 805 arc.
1220 767 1286 805 12.
1302 764 1334 814 ¹)
1493 771 1495 774 ’

406 896 439 940 ξ.
467 895 500 931 5.
544 895 592 934 Π,
623 895 915 932 Possessiva.
949 894 1298 942 (Attributiva.)

234 983 290 1026 Ut
326 984 576 1048 sustineatur
609 987 705 1027 ordo
718 1018 730 1037 ,
765 999 886 1039 quem
922 978 1039 1027 modo
1072 986 1287 1041 proposui,
1327 988 1513 1042 incipiam
1548 988 1599 1030 ab

114 1054 186 1105 iis,
207 1067 315 1109 quae
346 1056 443 1096 sunt

367 1184 397 1210 a.
427 1178 510 1212 -Ex'
539 1178 711 1213 duobus
745 1179 1047 1214 substantivis
1080 1180 1340 1223 composita.

226 1267 340 1309 Haec
371 1269 406 1309 si
437 1268 628 1320 solveris,
667 1269 834 1309 habebis
873 1270 1096 1310 membrum
1133 1270 1381 1323 praecedens
1414 1268 1595 1322 genitivo

110 1338 292 1391 pendens
323 1351 377 1378 ex
404 1339 696 1392 subsequente,
725 1339 792 1392 qui
820 1338 1025 1396 genitivus
1054 1338 1291 1393 plerumque
1312 1339 1378 1379 est
1395 1338 1594 1392 possessi-

94 1420 187 1447 ·vus
199 1438 211 1458 ,
252 1407 457 1448 interdum
499 1421 596 1449 vero
637 1407 847 1449 materiam
873 1407 1043 1460 indicat,
1085 1410 1132 1448 ut
1157 1409 1363 1449 commode
1393 1407 1592 1448 adiectivo

108 1476 343 1532 explicetur.
404 1476 558 1518 Verum
597 1480 694 1518 sunt
733 1491 835 1532 qua-e
883 1477 1172 1518 dubitationem
1212 1477 1412 1529 iniiciant,
1456 1480 1594 1517 utrum

107 1548 354 1589 attributivis
387 1561 438 1589 an
467 1548 680 1601 ,objectivis
705 1548 1033 1589 adnumerentur.
1065 1571 1121 1577 --
1151 1548 1366 1588 Homerica
1392 1548 1472 1588 duo
1501 1560 1592 1601 pro-

105 1630 229 1670 pono:
258 1609 522 1665 ἇελλόποδες
550 1615 699 1671 κοῦραι
728 1616 819 1657 Hel.
840 1619 952 1657 1314
970 1630 1023 1667 c.,
1050 1617 1157 1670 quod
1185 1613 1363 1657 indidem
1387 1616 1590 1656 Pindarus

105 1687 246 1737 habet,
286 1694 328 1727 et
367 1687 557 1735 κυνῶπις
594 1687 656 1726 El.
690 1688 823 1738 1252,
866 1685 934 1726 Or.
973 1686 1125 1741 23032)
1167 1686 1437 1727 Pindaricum.
1458 1678 1588 1740 χρύσ-

92 1764 242 1806 ἀσπις
273 1755 419 1797 Phoen.
452 1757 586 1807 1372,
625 1755 730 1810 quod
768 1769 914 1796 nomen
951 1758 1040 1796 erat
1076 1755 1203 1809 partis
1238 1756 1280 1796 in
1322 1755 1590 1796 Macedonum

105 1827 288 1866 exercitu
328 1826 407 1865 vid.
446 1825 543 1865 Poll.
572 1825 614 1875 Ι,
656 1828 760 1874 175;
800 1826 1048 1878 Aesehylea:
1096 1818 1445 1880 γωαικοπληθής
1479 1823 1590 1864 Pers.

107 1898 188 1940 122
229 1908 260 1935 c.
301 1893 452 1935 Alcest.
503 1897 607 1945 952,
649 1891 926 1952 χρυσοπήληξ
976 1894 1088 1949 Sept.
1136 1898 1238 1946 102,
1297 1893 1444 1935 Phoen.
1493 1895 1590 1942 939,

100 1961 388 2020 χρυσοφεγγής
415 1964 495 2017 Ag.
529 1967 636 2014 273,
662 1964 758 2007 Eur.
788 1965 882 2018 frgt.
913 1966 1016 2015 781,
1054 1964 1124 2004 ubi
1164 1977 1270 2004 nnnc
1308 1964 1453 2016 legunt
1484 1960 1588 2003 καλ-
1673 1980 1678 1984 ·

102 2028 325 2091 λιφεγγής,·
381 2028 653 2090 σιδηρόφρων
702 2033 830 2074 Prom.
872 2036 979 2084 243,
1031 2032 1140 2091 Sept.
1182 2036 1257 2083 53,
1303 2031 1585 2079 Ειιτ.,1>ιιοειι.

86 2108 187 2165 ,672
218 2118 271 2157 c.,
294 2105 372 2146 -eui
407 2104 651 2145 simillimum
692 2104 850 2144 accedit
888 2117 942 2144 ex
981 2103 1178 2159 Sophocle
1216 2096 1435 2159 αἰδόφρων
1463 2100 1510 2142 0:
1540 2100 1583 2142 C.

105 2178 200 2226 237,
233 2174 330 2215 Eur.
362 2174 448 2215 Alc.
478 2176 592 2224 659,
624 2177 709 2214 tum
738 2173 915 2214 indidem
943 2167 1210 2229 χρυσόνωτος
1232 2172 1297 2226 Aj.
1340 2175 1446 2223 833,
1485 2170 1584 2212 Eur.

101 2244 194 2298 frgt.
237 2246 318 2300 159
360 2244 439 2285 nisi
480 2243 586 2297 quod
633 2244 757 2284 habet
799 2243 1016 2297 Euripides
1061 2243 1228 2284 formam
1276 2238 1589 2298 χρυσεόνωτος,·

101 2313 274 2368 denique
303 2316 350 2355 ut
377 2314 520 2354 incerti
549 2313 723 2354 auctoris
761 2313 839 2353 duo
868 2325 1045 2367 propono
1071 2312 1113 2352 in
1143 2312 1418 2365 Aristophane
1446 2311 1585 2351 obvia:

101 2378 365 2439 δενδρόκομα
405 2379 599 2424 ἕναύλεια
638 2382 728 2423 Hel.
769 2386 880 2424 1107
905 2397 958 2433 c.,
1009 2376 1196 2438 κορυφαί
1234 2381 1440 2436 Aristoph.
1476 2380 1584 2421 Nub.

103 2457 187 2496 280
201 2467 252 2504 c.,
271 2455 313 2494 et
334 2446 615 2507 χρυσόλογχος
636 2453 721 2493 Ion.
747 2455 793 2503 9,
813 2452 1016 2506 Aristoph.
1036 2450 1279 2506 Thesmoph.
1299 2454 1381 2493 318
1400 2465 1434 2492 c.
1467 2451 1583 2490 ambo

102 2527 152 2566 de
188 2523 361 2566 Pallade.
405 2546 461 2552 —
510 2522 605 2577 Ipse
647 2523 751 2563 dixit
788 2537 861 2564 suo
902 2524 1069 2564 conatu:
1102 2512 1426 2576 κυκνόπτερον*
1465 2513 1583 2571 ὄμμα

195 2648 231 2721 1)
256 2675 375 2712 Verba
400 2675 499 2710 sunt:
531 2674 705 2720 δαίμονες
740 2671 843 2712 ὄντες
876 2668 1111 2721 ἀνθρώπειόν
1137 2684 1175 2706 τε
1204 2671 1441 2717 ἠμπέσχοντο
1472 2670 1583 2714 σῶμα

102 2738 163 2771 καὶ
195 2734 548 2786 ἀνθρωποδαίμονες
574 2729 815 2778 γεγενημένοι
847 2743 915 2767 nte.
1000 2744 1002 2748 ·
1032 2729 1077 2775 2)-
1094 2729 1201 2767 Mitto
1236 2738 1326 2775 quae
1358 2738 1401 2763 ex
1428 2727 1585 2763 Homero

100 2804 173 2829 una
194 2805 275 2830 cum
300 2793 402 2835 aliis,
426 2791 525 2828 velut
550 2789 741 2835 Sophocle,
766 2790 876 2836 petiit
901 2787 1100 2835 Euripides.
