1857 3133
1582 151 1638 189 53

149 266 338 310 adiectivi
374 267 486 308 notio
522 266 788 307 sustentanda
822 264 897 304 est.
973 264 1163 306 Ceterum
1205 279 1285 305 non
1324 265 1639 318 unumquodque

147 337 387 378 vocabulum
415 339 531 391 patet
559 338 625 378 cui
653 334 784 377 ordini
823 334 1123 388 adiungendum
1150 337 1229 386 sit.
1289 336 1446 390 Nempe
1476 334 1636 389 Euripi-

147 407 244 457 des,
279 406 398 461 quem
435 402 713 462 καλλίπηχυς
728 399 922 460 1βραχίων
969 417 1015 445 ac
1035 420 1037 422 ¹
1057 406 1201 446 similia
1233 394 1482 455 aliexerunt,
1529 416 1636 457 quae

146 475 579 518 vixdum-attributive
611 475 807 528 explicari
835 474 1012 528 possint,
1054 476 1134 515 iam
1175 489 1222 516 eo
1253 476 1415 529 saepius
1444 487 1635 529 progres-

146 558 217 585 sus
255 547 339 596 est,
376 547 424 586 ut
448 545 680 585 interdum>
709 543 936 584 nominibus
977 543 1147 584 adderet
1192 545 1371 598 epitheta
1408 557 1434 585 a
1473 543 1634 584 nomine

144 614 214 654 vel
233 627 459 669 synonymo
477 615 544 655 vel
560 613 829 654 homoiosemo
850 613 920 653 vel
938 636 996 642 —-
1018 614 1125 665 quod
1147 614 1273 653 semel
1294 608 1389 654 fecit
1411 637 1469 643 —
1487 615 1632 655 eodem

143 683 382 736 composita,
420 695 525 734 quae
563 695 643 722 non
676 681 752 722 τοῦ
783 676 900 733 ,ἐῇζειν
939 680 1014 722 sed
1051 682 1125 722 τοῦ
1155 673 1267 722 εἶναι
1297 682 1631 733 significationem

140 751 298 793 habent.
365 750 496 792 Haeo
529 764 659 806 quum>
700 751 841 805 poesin
877 751 1036 792 omnino
1075 750 1207 803 mag-is
1249 763 1369 803 quam
1409 751 1631 790 orationem

140 833 303 874 prosam
328 822 521 871 deceant,
558 835 613 861 ex
642 833 722 874 qua
742 833 878 874 -pauoa
906 821 1076 861 collecta
1104 820 1227 860 habet
1256 819 1483 860 Lobeckius
1511 813 1634 860 Para-

138 890 205 945 lip.
236 905 273 944 p.
309 893 414 942 371,
452 893 540 931 tum
575 890 712 944 paullo
749 890 962 937 usitatiora
1001 890 1097 933 sunt
1134 889 1319 944 tragicis·
1359 882 1588 947 θηλύπους
1605 888 1631 913 ““

121 954 268 1012 Ἴβοὶσις
297 959 386 1012 Iph.·
417 960 465 999 A.
497 961 605 999 421:
633 960 822 1012 quoniam
844 949 978 1010 βάσις
1011 973 1092 999 11011
1117 972 1283 1014 yressus
1310 963 1394 1009 est,
1434 960 1509 999 sed
1541 973 1627 1013 pes,

137 1028 262 1069 nihil
270 1027 349 1068 nisi
388 1025 547 1083 θηλεῖα
575 1021 731 1080 βάσις;
770 1021 989 1080 μονόπαις
1006 1027 1033 1052 '¹‘
1069 1022 1194 1084 κόρος
1223 1030 1309 1070 Alc.
1338 1031 1422 1070 906
1453 1041 1487 1069 c.
1505 1027 1630 1081 filius

136 1099 332 1152 migma,-
378 1100 422 1137 at
461 1098 724 1149 singulariter
772 1092 1023 1153 τυφλόπους
1046 1098 1070 1123 *
1108 1092 1223 1147 πούς
1261 1098 1409 1139 Phoen.
1451 1099 1562 1139 1549
1594 1109 1626 1138 c.

135 1166 161 1225 i.
190 1180 226 1219 q.
256 1163 371 1216 ποὺς
397 1163 558 1222 τυφλός
589 1167 658 1217 (de
685 1167 761 1207 hoc
799 1180 878 1207 usu
913 1158 1100 1207 adieetivi
1132 1161 1293 1223 τυφλός
1329 1168 1408 1208 vid.
1450 1166 1624 1208 Lobeck.

136 1234 277 1275 Rhem.
309 1237 422 1287 345.)
483 1234 587 1276 Sunt
616 1236 758 1287 etiam,
798 1249 902 1289 quae
915 1269 925 1287 ,
963 1237 1058 1277 lieet
1091 1250 1173 1276 non
1211 1237 1430 1286 invenerit,
1470 1236 1626 1289 primus

135 1305 272 1351 tamen
299 1305 352 1344 ad
383 1304 716 1357 significationem
736 1305 1088 1358 determinativam
1101 1305 1298 1354 detorsit,
1328 1306 1370 1359 in
1394 1318 1472 1357 quo
1494 1319 1625 1359 neque

135 1385 185 1412 ea
213 1374 376 1414 minima
403 1374 567 1414 lieentia
596 1377 683 1424 est,
713 1374 837 1427 quod,
873 1374 1020 1427 quibus
1050 1375 1399 1415 determinativam
1427 1374 1628 1427 signifiea-

134 1442 282 1484 tionem
324 1443 529 1494 attribuit,
561 1443 705 1484 eadem
743 1446 914 1497 poneret
958 1444 1080 1485 etiam
1119 1445 1353 1497 possessiva
1390 1444 1457 1484 vel
1490 1445 1626 1498 potius

133 1514 390 1554 attributiva:
438 1507 553 1553 velut
589 1515 711 1566 quum
751 1516 855 1566 trag.
903 1514 978 1554 inc.
1020 1509 1256 1563 καλλίπαις
1294 1508 1436 1570 Λητώ
1466 1513 1623 1572 Nauck.

132 1584 268 1637 adesp.
310 1584 392 1623 145
431 1584 663 1636 possessive
700 1583 866 1635 dixerit,
920 1582 1150 1636 Aeschylus
1202 1586 1337 1623 autem
1385 1579 1624 1633 καλλίπαις

130 1647 301 1705 πότμος
320 1652 399 1704 Ag.
424 1655 529 1702 762,
555 1648 731 1706 itemque
761 1652 978 1706 Euripides
1004 1653 1090 1693 fere
1111 1653 1312 1694 audacius
1336 1643 1456 1693 Herc.
1487 1653 1511 1693 f.
1536 1655 1621 1694 839

131 1717 366 1770 καλλίπαις
392 1717 632 1776 στέφανος
638 1722 891 1767 attributive.
931 1723 1210 1792 probabiliter
1217 1726 1352 1762 tamen
1381 1723 1622 1763 determina-

129 1792 254 1832 tivam
293 1790 667 1845 interpretationem
715 1791 791 1831 sibi
841 1791 1019 1832 vindieat
1058 1775 1293 1841 καλλίπαις
1312 1792 1342 1844 ¹)
1370 1788 1475 1832 ’θεὰ
1504 1791 1624 1848 Περ-

224 1967 259 2013 1)
284 1965 328 2002 111
349 1965 395 2002 118
419 1976 510 2012 quae
535 1964 707 2013 leguntur
729 1964 768 2001 in
784 1964 956 2001 aneodoto
981 1965 1191 2010 (Pindarico
1209 1977 1251 2002 ex
1275 1965 1456 2002 sententia
1472 1963 1620 2001 Schnei-

127 2025 271 2070 dewini)
293 2024 518 2070 Philolog.·1.
531 2035 566 2069 p.
584 2023 654 2059 433
671 2035 761 2068 seq:
790 2024 810 2068 ἡ
828 2027 984 2071 Λῆμνος
1010 2025 1240 2060 καλλίπαιδα
1264 2023 1431 2074 Κάβιρον
1456 2015 1620 2073 ἀρρῖἱτων

127 2082 289 2118 ἐτέκνωσ)
314 2081 551 2129 ὀργιασμῶν,
577 2091 687 2125 quum
716 2080 944 2116 Hermannus
969 2080 1054 2116 ibid
1081 2081 1151 2118 586
1174 2081 1314 2117 dederit
1340 2081 1361 2125 ἢ
1390 2080 1619 2116 καλλίπαιδα

126 2142 285 2186 Λᾶμνος
309 2136 473 2187 ἀρρήτων
495 2139 664 2173 ἐτέκνωσε
689 2136 874 2184 Κάβειροι]
896 2137 1053 2186 ὀργίων,
1082 2138 1300 2175 adjectivum
1316 2141 1513 2177 καλλίπαις
1536 2148 1619 2184 pos-

125 2197 301 2234 sessivum
325 2196 412 2238 erit,
440 2196 472 2232 si
502 2195 763 2232 Schneidewini
792 2196 1126 2247 interpretationem
1149 2197 1376 2243 probaveris,
1401 2207 1511 2242 quam
1535 2206 1620 2231 vero

125 2255 188 2291 ille
210 2265 276 2290 nec
300 2254 395 2291 Plat.
417 2254 496 2289 loco
520 2252 672 2290 Phaedr.
696 2253 769 2289 -261
786 2253 819 2289 A
834 2274 880 2280 --
905 2253 968 2290 ubi
992 2255 1202 2300 ceteroquin
1224 2256 1349 2301 aperte
1374 2253 1619 2300 possessivum·

125 2313 182 2347 est
204 2330 249 2337 -—-
275 2322 340 2351 nec
362 2311 481 2347 verbis
507 2310 653 2349 εὔπαις
667 2312 789 2346 καλῶν
819 2312 967 2354 παίδων
991 2314 1091 2347 extra
1114 2312 1264 2348 dubium
1287 2312 1495 2353 collocavit,
1533 2311 1619 2356 quia

124 2369 432 2411 translationem,r
453 2368 595 2415 qualem
627 2367 792 2404 Platonis
822 2368 901 2405 loco
922 2369 1116 2412 habemus,
1143 2370 1224 2416 ipso
1249 2370 1441 2406 accedente
1457 2367 1618 2416 genitivo

127 2438 331 2474 expressam
354 2427 531 2463 adiectivo
553 2426 610 2463 illi
633 2420 804 2473 subiungi
827 2439 932 2473 posse
959 2428 1120 2474 exemplo
1137 2429 1250 2465 allato
1261 2441 1341 2465 non
1357 2428 1488 2465 docuit.
1526 2426 1618 2462 Mihi

126 2488 250 2524 contra
274 2483 458 2535 Κάβειρος
481 2486 672 2531 propterea
695 2486 735 2520 et
765 2485 953 2531 aptissime
974 2486 1120 2533 quidem
1144 2487 1288 2524 videtur
1318 2486 1389 2522 dici
1411 2487 1616 2528 καλλίπαις,

125 2545 211 2592 quia
236 2545 296 2580 hic
318 2543 443 2590 procul
464 2543 573 2579 dubio
598 2543 839 2580 introducitur
862 2546 904 2580 ut
926 2545 1032 2581 heros
1056 2547 1162 2591 quasi
1178 2545 1391 2592 eponymos3
1414 2542 1616 2590 genitivum

125 2605 246 2639 autem
271 2602 319 2639 ad
344 2605 501 2648 Λῆμιος
528 2601 663 2643 refero,
695 2603 738 2637 ut
769 2605 926 2650 Λῆμνος
950 2602 1113 2653 ἀρρήτων
1136 2605 1249 2652 &mecm
1230 2617 1272 2638 nv
1295 2603 1436 2638 dicatur
1461 2604 1617 2635 Lenones

127 2664 239 2707 oryiie
267 2659 573 2707 ἱη8ί911ἰ8,0111118
605 2659 759 2705 genitivi
788 2661 952 2707 exempla
981 2661 1051 2697 vid.
1087 2672 1143 2708 ap.
1173 2660 1444 2707 Bernhardyum
1467 2658 1617 2704 Syntax.

125 2730 158 2765 p.
176 2716 254 2756 163
309 2718 380 2755 Sed
406 2719 584 2764 utcunque
619 2718 791 2753 statueris
822 2719 867 2755 de
890 2720 949 2756 his
971 2719 1346 2765 interpretationibus,
1372 2716 1617 2764 possessivum

127 2776 196 2812 erit
221 2779 425 2815 καλλίπαις.
453 2796 496 2801 -
521 2774 623 2819 Quod
655 2777 776 2810 antem
811 2777 950 2813 Orestis
980 2777 1058 2813 loco
1089 2778 1225 2814 scholia
1255 2776 1437 2822 optionem
1467 2775 1617 2815 faciunt,
